2484 4000
589 285 740 350 Phaedri
761 285 958 350 Fabuldrum

413 549 478 603 IX.
513 549 644 602 Poooer
661 551 710 602 ad
726 551 899 615 Leporem
918 549 1158 604 Consiliator.

319 668 380 727 Sibi
394 672 455 726 nrin
468 672 571 726 cavere
587 678 617 726 et
631 668 693 726 aliis
708 667 862 726 consilium
877 667 948 726 dare

279 766 404 823 Stultum
419 783 483 823 esse
498 771 600 840 paucis
614 765 805 824 ostendimus
819 765 960 824 versibus.

320 863 504 938 Oppressum
518 862 557 920 ab
571 863 667 937 aquili
682 874 711 920 et
726 862 811 920 fletis
826 861 965 920 edentem
979 867 1085 938 graves

281 960 426 1033 Leporem
442 959 614 1034 obirirgibat
628 977 747 1033 passer:
771 960 849 1018 ‘Ubi
862 959 1020 1033 pernicitris

281 1058 380 1126 Nota,'
395 1057 498 1131 inquit,
515 1056 581 1112 ‘ilia
597 1058 662 1114 est?
703 1055 784 1129 Quid
798 1056 839 1114 ita
853 1061 1002 1114 cessimnt
1016 1054 1156 1131 pedes?’

281 1155 360 1210 Dum
374 1154 511 1228 loquitur,
526 1153 622 1228 ipsum
637 1153 778 1228 accipiter
792 1160 972 1228 necopinum
986 1153 1063 1229 rapit

281 1251 453 1325 Questuque
468 1255 545 1308 vini
559 1251 759 1308 elimitantem
774 1250 920 1308 interficit.
1001 1315 1006 1324 1

281 1349 378 1422 Lepus
394 1348 589 1406 semanimus:
613 1349 737 1406 ‘Mortis
752 1353 789 1405 en
804 1347 964 1405 silicium!

281 1446 340 1518 Qui
354 1444 445 1502 modo
460 1449 578 1503 secrirus
593 1456 693 1503 nostra
707 1445 855 1504 inridebis
870 1444 955 1515 mala,

280 1542 371 1600 Simili
384 1542 513 1617 querelli
527 1542 590 1599 sita
604 1541 739 1617 deplores
754 1545 822 1600 tua!

438 1750 484 1804 Χ.
521 1751 643 1815 Lupus
660 1753 693 1803 et
717 1750 837 1815 Volpes
856 1749 979 1803 Iridiee
995 1748 1118 1804 simii.

321 1886 508 1960 Quicumque
523 1892 600 1959 turpi
615 1884 715 1943 fraude
730 1885 822 1943 semel
836 1885 972 1957 innotuit,

282 1982 379 2039 Etiam
394 1989 418 2040 si
430 1987 532 2040 verum
547 1982 629 2054 dicit,
644 1983 751 2040 {mittit
767 1981 868 2040 fidem.

282 2080 351 2137 Hoc
367 2084 519 2136 attestitur
532 2079 628 2137 brevis
642 2081 752 2154 Aesopi
766 2078 878 2137 sibula.

322 2176 420 2250 Lupus
434 2177 575 2252 arguebat
589 2176 706 2250 volpem
723 2177 795 2235 furti
810 2176 951 2247 crimine3

281 2273 417 2347 Negibat
432 2273 480 2330 illa
494 2278 526 2330 se
541 2291 605 2330 esse
621 2273 725 2348 culpae
740 2273 915 2347 proximam.

280 2371 366 2427 Tunc
380 2369 470 2428 iridex
484 2370 559 2427 inter
573 2370 637 2428 illos
652 2370 730 2427 sedit
744 2370 853 2427 simius.

280 2469 412 2542 Uterque
428 2485 546 2524 causam
561 2485 630 2524 cum
645 2472 829 2541 perimissent
844 2485 936 2537 suam,

281 2564 396 2621 Dixisse
411 2564 501 2621 fertur
515 2565 613 2622 simius
629 2563 824 2622 sententiam:

281 2663 344 2718 ‘Tri
358 2667 418 2718 non
433 2661 539 2720 videris
554 2661 720 2736 perdidisse
735 2661 816 2736 quod
831 2660 926 2734 petis;

280 2759 325 2815 Te
339 2757 430 2816 credo
445 2758 622 2834 subripuisse
634 2757 715 2834 quod
730 2758 851 2833 pulchre
865 2759 974 2832 negis'

462 2967 528 3021 XI.
564 2967 696 3021 Asinus
714 2969 746 3020 et
761 2967 831 3020 Lei
847 2965 1030 3020 Venami&

281 3186 298 3192 -
321 3102 442 3160 Virtitis
458 3120 562 3177 expers
578 3103 672 3162 verbis
687 3103 797 3160 iactins
811 3101 935 3177 gloriam

283 3201 404 3274 Ignotos
419 3200 500 3271 fallit,
516 3205 592 3257 notis
607 3211 651 3257 est
665 3199 782 3257 dirisui.

321 3298 429 3355 Veniri
442 3297 533 3355 aselli>
547 3297 657 3354 comite
672 3315 740 3354 cum
755 3296 843 3354 vellet
857 3296 913 3366 leo,

370 3477 399 3532 X,
412 3489 431 3522 1.
449 3477 567 3520 innituit:
582 3475 639 3519 ‘has
654 3476 756 3521 become
772 3475 873 3529 known‚'
888 3475 946 3519 ‘has
960 3480 1002 3532 got
1014 3487 1030 3518 a
1043 3473 1172 3533 reputation'
