2484 4000
455 280 635 366 Appendz‘x.

41 470 153 528 Subito
167 475 325 527 accersitus
341 469 443 526 nuntio
459 475 555 544 magni
571 471 649 528 Iovis

41 565 249 624 Commendat
264 565 411 623 officinam
427 566 522 624 fallaci
536 567 624 638 Dolo,
649 640 651 644 Α

41 665 78 722 In
94 662 285 739 disciplinam
300 668 394 737 nuper
407 681 497 738 quem
512 669 672 739 reciperat.

41 762 105 818 Hic
122 759 223 818 studio
237 764 388 831 accensus,
405 760 479 818 facie
494 761 680 819 simulacrum
695 769 759 837 pari

40 844 113 917 Una
129 862 250 929 staturi,
265 857 360 915 simile
374 867 404 915 et
419 858 557 916 membris
571 859 717 930 omnibus,

41 957 126 1030 Dum
144 964 262 1030 tempus
276 954 386 1025 habuit,
403 955 510 1013 callida
524 955 607 1013 finxit
622 960 720 1014 manfr.

41 1052 137 1126 Quod
153 1070 248 1127 prope
262 1052 321 1109 iam
336 1057 429 1110 totum
446 1057 519 1110 mire
534 1071 601 1110 cum
616 1053 745 1127 positum
760 1054 845 1126 foret,

40 1150 156 1208 Lutum
171 1144 376 1206 ad'saeiendos
390 1149 430 1207 illi
444 1149 560 1207 defecit
573 1148 676 1224 pedes.

41 1247 139 1305 Redit
154 1247 302 1321 magister,
316 1251 376 1320 quo
392 1246 563 1304 festinanter
577 1247 670 1304 Dolus

40 1345 133 1402 Metu
148 1343 281 1402 turbitus
295 1343 325 1400 in
340 1348 393 1400 suo
408 1343 484 1401 sedit
499 1343 575 1402 loco.

42 1443 159 1499 Mirans
175 1440 367 1499 Prometheus
382 1450 492 1498 tantam
508 1440 740 1512 similitudinem,

41 1539 186 1613 Propriae
201 1537 295 1596 videri
309 1538 400 1595 voluit
414 1538 484 1596 artis
497 1538 628 1613 gloriam.

42 1636 141 1710 Igitur
156 1635 268 1693 fornaci
281 1635 391 1709 pariter
403 1635 464 1693 duo
478 1641 560 1710 signa
573 1635 689 1708 intulit;

42 1733 164 1806 Quibus
179 1738 325 1806 percoctis
340 1741 427 1805 atque
441 1732 543 1790 infuso
558 1733 670 1806 spiritu,

43 1830 191 1889 Modesto
204 1833 305 1904 gressu
320 1834 422 1886 sancta
436 1829 555 1887 incessit
569 1830 704 1902 Ventis5

41 1929 80 1985 At
95 1937 203 1985 trunca
219 1926 334 2000 species
347 1926 441 1985 haesit
456 1927 485 1984 in
499 1927 631 2002 vestigio.

41 2025 130 2081 Tunc
147 2023 220 2080 salsa
235 2024 332 2097 imago
347 2033 434 2098 atque
450 2024 546 2098 operis
562 2024 662 2081 sirrtivi
676 2024 759 2082 labor

43 2121 240 2180 Mendacium
257 2121 436 2195 appellatum
452 2131 514 2192 est;
536 2120 617 2194 quod
632 2118 805 2194 negantibus

43 2217 144 2276 Pedes
160 2217 268 2275 habere
284 2217 376 2275 facilis
391 2229 435 2275 est
449 2217 616 2275 consensio.

84 2315 229 2373 Simulata
243 2313 391 2371 interdum
405 2315 476 2371 vitia
489 2318 612 2388 prosunt
626 2313 804 2386 hominibus,

43 2411 105 2470 Sed
119 2422 257 2487 tempore
271 2411 337 2486 ipso
352 2421 451 2468 tamen
466 2416 587 2485 apparet
601 2411 718 2469 veritas.

377 2654 446 2708 111.
469 2655 539 2719 (V.)
576 2653 720 2707 Auctor.

285 2770 390 2820 SEnsum
402 2771 583 2819 aestimandum
595 2785 658 2830 esse,
670 2770 722 2818 ndu
732 2770 816 2820 verba.

86 2907 176 2964 Ixion
189 2903 272 2979 quod
285 2909 393 2962 versiri
407 2909 537 2961 narratur
550 2908 623 2975 toti,

44 3001 216 3061 Voh'rbilem
233 3003 393 3059 Fortunam
408 3001 509 3057 iactari
522 3000 621 3057 docet.

1 3099 2 3102 ’
45 3098 197 3157 Adversus
211 3099 284 3155 altos
300 3097 439 3171 Sisyphus
452 3101 569 3155 montes
584 3101 674 3171 agens

46 3195 157 3254 Saxum
172 3195 272 3254 labore
286 3199 412 3264 summo,
427 3193 509 3267 quod
524 3193 564 3251 de
578 3193 688 3251 vertice

47 3291 163 3351 Sridore
177 3309 294 3366 semper
308 3290 395 3348 inrito
409 3290 573 3361 revolvitur,

434 3497 467 3530 11.
483 3485 575 3528 lutum:
590 3484 670 3541 'etan’
