2484 4000
254 305 296 368 30
568 288 719 352 Phaedri
740 288 937 351 Fa'bulrirum

252 475 312 536 Sed
325 481 364 535 ne
378 475 480 552 religio
495 486 601 552 peccet
615 476 786 551 imprudens
800 495 876 548 mea,

252 574 341 632 Alvos
355 573 482 649 accipite
497 584 527 632 et
541 578 615 632 ceris
631 590 705 648 opus
719 571 873 646 infundite,

253 671 295 730 Ut
309 689 347 729 ex
360 675 464 745 sapore
480 671 573 729 mellis
588 679 619 728 et
632 670 732 729 sormi
745 670 810 742 favi,

253 769 301 826 De
314 774 379 842 quis
394 785 472 825 nunc
487 767 590 843 agitur,
605 777 709 825 auctor
722 767 827 826 horum
841 771 1002 844 appareat.'

254 865 325 922 Fuci
339 869 493 937 recusant;
514 865 619 940 apibus
634 863 772 923 condicio
786 865 894 940 piacet.

251 963 338 1019 Tunc
352 961 401 1019 illa
415 961 463 1019 tali
478 962 522 1019 iris
536 962 601 1019 tulit
615 961 780 1020 sententia:

253 1060 414 1133 ‘Apertum
429 1068 473 1116 est
488 1059 552 1133 quis
566 1063 627 1117 non
641 1059 743 1134 possit,
759 1059 868 1133 etquis
883 1059 999 1117 fecerit.

253 1156 443 1231 Quipropter
455 1156 561 1232 apibus
575 1156 701 1215 fructum
716 1156 839 1214 restituo
852 1158 957 1215 suum.'

295 1253 383 1310 Hanc
397 1259 602 1328 praeterissem
617 1253 750 1312 fabulam
765 1253 891 1325 silentio,

252 1349 282 1407 Si
295 1358 413 1424 pactam
428 1349 491 1407 isici
506 1354 566 1407 non
581 1354 765 1408 recusissent
779 1349 881 1407 iidem.

407 1521 472 1574 xl.
492 1520 618 1586 (xiv.)
655 1520 708 1573 Da
724 1521 826 1573 nuso
843 1523 876 1573 et
892 1519 1095 1575 senectae.

294 1640 452 1696 Puerorum
467 1638 497 1696 in
511 1638 597 1697 turba‘a
611 1637 732 1714 quidam
747 1638 899 1697 ludentem
913 1639 1028 1698 Atticus

252 1737 402 1811 Aesopum
417 1735 540 1794 nucibus
554 1754 623 1792 cum
637 1734 765 1806 vidisset,
781 1736 886 1794 restitit

253 1833 292 1890 Et
306 1833 389 1908 quasi
403 1831 528 1890 delirum
543 1833 612 1890 risit.
655 1832 746 1906 Quod
761 1834 850 1890 sensit
865 1833 951 1890 simul

252 1931 375 1988 Derisor
389 1929 487 2005 potius
501 1947 590 2004 quam
605 1928 785 1988 deridendus
800 1947 899 2003 senex,

252 2030 361 2085 Arcum
376 2031 524 2085 retensum
538 2026 636 2102 posuit
650 2027 681 2084 in
695 2025 794 2084 media
807 2027 872 2084 via:

252 2126 356 2183 ‘Heus
369 2125 394 2182 1'
409 2123 512 2199 inquit,
529 2123 672 2199 ‘sapiens
688 2123 805 2199 expedi,
820 2123 892 2198 quid
907 2123 921 2181 i
923 2122 1051 2182 ecerime

252 2221 408 2280 Concurrit
422 2220 557 2295 populus.
600 2221 653 2278 Ille
668 2225 699 2278 se
714 2231 833 2295 torquet
847 2220 898 2279 din

253 2318 319 2375 Nec
333 2317 512 2392 quaestionis
526 2317 640 2392 positae
655 2335 774 2374 causam
789 2318 940 2392 intellegit.

253 2415 420 2473 Novissime
434 2414 608 2473 succumbit.
650 2415 727 2471 Tum
743 2421 836 2472 victor
849 2415 979 2489 sophus:

251 2511 339 2570 ‘Cito
353 2516 471 2586 rumpes
485 2529 594 2582 arcum,
610 2528 728 2585 semper
741 2518 765 2569 si
780 2516 895 2570 tensum
910 2509 1066 2582 habueris;

251 2611 290 2666 At
304 2614 328 2666 si
342 2609 454 2680 laxaris,
469 2626 537 2666 cum
553 2608 632 2666 voies
648 2609 702 2666 erit
717 2609 814 2666 utilis!

291 2706 338 2764 Sic
352 2705 438 2764 ludus
452 2706 551 2763 animo
565 2706 656 2763 debet
670 2704 829 2780 aliquando
844 2705 917 2776 dari,
955 2719 960 2728 ’

251 2802 297 2860 Ad
312 2801 503 2878 cogitandum
519 2803 622 2860 melior
635 2811 667 2859 ut
681 2802 783 2860 redeat
797 2801 860 2860 tibi.

443 2973 528 3027 XII.
550 2973 676 3038 (XVI.)
716 2971 848 3026 Cicada
865 2975 898 3025 ot
914 2971 1061 3026 Numa.

292 3092 478 3150 Hirmanitr'rti
491 3098 542 3166 qui
556 3096 587 3149 se
601 3096 662 3149 non
675 3089 894 3162 accommodat,

251 3188 427 3263 Plemmque
442 3194 554 3265 poenas
569 3187 685 3263 oppetit
699 3187 862 3262 superbiae.

290 3285 404 3344 Cicada
418 3285 558 3344 acerbum
573 3295 699 3342 noctuae
715 3285 881 3342 convicium

277 3436 300 3479 9.
317 3422 399 3470 alvos:
414 3421 562 3468 ‘hee-nives.¹
802 3421 911 3465 Noctua:
927 3420 1000 3466 ‘owi'

279 3496 313 3540 xi
318 3495 337 3542 1.
352 3496 439 3540 Cicada
447 3510 457 3540 .·
466 3499 471 3517 ¹
481 3495 582 3540 cricket.'

1219 2531 1233 2562 1:
