2484 4000
450 278 553 341 Liber
571 278 595 339 l
600 279 632 342 V.

34 463 133 522 Redit
146 463 184 521 ad
200 463 325 523 hostem.
369 466 457 524 Iactis
471 466 550 523 hunc
564 465 628 523 telis
643 484 734 540 eques

34 563 200 635 Postquam
216 561 377 633 interfecit,
392 568 433 620 sic
448 563 563 620 locetus
578 562 718 621 treditur:

34 662 43 688 ‘
58 659 170 717 Laetor
183 658 282 717 tulisse
297 659 436 717 auxilium
451 664 500 717 me
514 659 651 733 precibus
665 666 741 732 tuis;

35 756 118 812 Nam
134 754 276 830 praedam
291 760 359 831 cepi
372 766 403 815 et
417 756 518 828 didici,
533 774 622 830 quam
637 763 674 814 sis
687 757 766 815 etilis
776 759 802 830 ;'

34 854 137 926 Atque
152 852 193 909 ita
206 851 305 928 coegit
321 852 418 912 frenes
431 853 553 911 invitum
567 859 638 928 pati.

34 949 116 1006 Tum
132 958 261 1007 maestus
275 949 342 1008 ille:
366 952 493 1008 ‘Parvae
507 949 667 1009 vindictam
682 957 724 1008 rei

37 1046 120 1103 Dum
135 1051 247 1120 quaere
261 1045 395 1117 demens
411 1047 580 1105 servitetem
595 1049 730 1121 repperi!

82 1144 168 1201 Haec
182 1142 340 1201 irecundes
355 1142 528 1203 admonebit
542 1143 661 1202 sebula:

38 1238 169 1314 Impene
183 1239 282 1315 potius
296 1239 375 1298 laedi
388 1258 477 1315 quarn
492 1240 564 1315 pedi
577 1241 668 1298 alten'.

440 1482 483 1537 V.
519 1482 639 1536 Poeta.

81 1616 148 1674 Ples
164 1635 229 1675 esse
243 1616 272 1674 in
288 1622 348 1675 ene
363 1634 452 1692 saepe
466 1633 556 1690 quarn
569 1616 600 1673 in
615 1615 700 1675 turbe
713 1616 793 1688 boni,

41 1713 218 1771 Nenenene
232 1720 357 1788 posteris
371 1713 487 1772 tredam
501 1713 590 1771 brevi

81 1810 212 1884 Quidam
227 1810 378 1868 decedens
392 1814 451 1868 tres
465 1809 581 1883 reliquit
595 1809 692 1867 filies:

40 1892 139 1966 [lnam
155 1906 319 1964 formosam
335 1915 365 1963 et
379 1907 471 1965 oeulis
484 1911 643 1964 venantem
657 1906 753 1979 vires3

41 2004 80 2060 At
94 2003 216 2061 alteram
230 2003 378 2061 lenificant
392 2013 422 2061 et
437 2004 518 2078 fregi,
534 2001 692 2075 resticam3

42 2100 189 2159 Devetam
203 2105 272 2159 vine
287 2100 402 2158 tertiam
417 2110 447 2157 et
461 2099 669 2174 turpissimam.

42 2197 159 2255 Herum
174 2207 273 2255 autem
289 2203 413 2254 metrem
428 2197 442 2254 s
445 2197 504 2254 ecit
517 2194 660 2254 heredem
674 2213 765 2254 senex

41 2293 101 2352 Sub
115 2293 303 2365 condieiene,
319 2299 412 2351 tetam
427 2303 459 2350 ut
474 2292 625 2351 fortunam
640 2292 732 2352 tribus

42 2392 212 2465 Aequaliter
226 2390 390 2462 distribuat,
405 2390 458 2448 sed
473 2390 522 2447 teli
536 2389 646 2448 mode:

43 2488 90 2545 Ne
104 2489 175 2547 data
189 2488 360 2562 possideant
375 2498 424 2545 aut
438 2488 586 2557 fruantur,
609 2495 681 2557 turn,
697 2485 783 2544 simul

44 2585 164 2643 Habere
178 2589 225 2642 res
239 2583 387 2655 desierint,
403 2589 476 2658 ques
490 2582 670 2656 acceperint,

43 2682 178 2740 Centena
192 2687 277 2739 metri
290 2681 443 2739 censerant
457 2680 599 2738 sestertia.

43 2780 172 2837 Athenes
186 2783 285 2836 remor
299 2778 412 2852 implet.
455 2779 553 2835 Meter
567 2775 670 2834 sedula

45 2876 116 2935 Ieris
131 2881 241 2951 perites
256 2875 400 2947 censulit;
422 2879 511 2932 neme
526 2871 657 2948 expedit,

44 2973 110 3046 Que
126 2977 216 3048 pacte
230 2977 291 3029 nen
305 2971 485 3046 possideant,
500 2969 582 3045 quod
597 2969 683 3027 fuerit
697 2967 810 3040 datum,

44 3071 219 3128 Freetumve
234 3069 372 3144 capiant;
393 3067 502 3126 deinde
518 3083 593 3142 quae
608 3064 726 3123 tulerint
740 3064 822 3137 nihil,

44 3166 179 3240 Quenam
194 3166 307 3224 ratiene
323 3164 475 3223 censerant
488 3162 654 3238 peceniam.

45 3264 202 3338 Postquam
217 3267 394 3336 censempta
407 3271 452 3318 est
467 3259 607 3334 temporis
621 3258 702 3333 longi
715 3274 807 3329 mora,

45 3361 107 3418 Nec
122 3365 291 3418 testementi
305 3357 401 3433 potuit
415 3361 515 3415 sensus
530 3354 646 3429 conligi,

46 3457 147 3516 Fidem
163 3455 327 3526 advocevit,
342 3455 403 3512 iere
417 3453 563 3527 neglecte,
577 3455 692 3528 parens.
