2484 4000
220 311 259 378 52
522 294 674 357 Phaedri
694 292 895 355 Fabuldmm

258 485 399 541 Facturus
414 481 499 541 ludos
513 480 634 555 quidam
649 481 730 538 dives
745 481 860 539 nobiles

219 581 373 655 Proposito
388 584 510 636 cunctos
525 578 655 636 invitevit
670 578 812 652 praemio,

218 679 315 752 Quam
331 677 453 752 quisque
469 685 569 750 posset
583 685 615 732 ut
629 675 789 732 novitutem
804 672 982 732 ostenderet.

218 777 333 833 Venere
348 774 474 832 artifices
488 771 583 830 laudis
597 770 636 829 ad
651 771 830 844 certfimina;

218 873 300 946 Quos
316 872 390 929 inter
405 887 512 940 scurra,
527 874 613 927 notus
628 870 740 927 urbini)
755 869 824 939 sale,

219 969 339 1028 Habere
355 967 428 1025 dixit
442 971 473 1025 se
487 982 579 1041 genus
594 965 763 1040 spectaculi,

219 1065 308 1139 Quod
323 1066 353 1122 in
369 1065 484 1122 theitro
499 1081 659 1137 numquam
675 1063 821 1137 probitum
836 1061 921 1120 foret.

218 1165 374 1237 Dispersus
389 1169 490 1220 rumor
504 1161 653 1218 civititem
667 1159 805 1218 concitat.

218 1260 308 1318 Paulo
323 1269 391 1317 ante
406 1276 498 1316 vacua
512 1258 627 1317 turbam
643 1256 785 1314 deficiunt
798 1256 873 1314 loca.

219 1358 254 1414 In
269 1363 375 1414 scaene
389 1361 458 1414 vero
472 1365 629 1431 postquam
644 1355 723 1412 solus
737 1352 868 1412 constitit

217 1454 285 1513 Sine
300 1458 451 1528 apparitu,
466 1453 551 1511 nullis
565 1451 756 1522 adiutoribus,

217 1551 370 1610 Silentium
385 1550 449 1625 ipsa
463 1550 477 1606 s
481 1550 539 1607 ecit
554 1549 746 1623 exspectetis).

218 1649 270 1706 Ille
286 1649 315 1705 in
330 1648 425 1705 sinum
440 1656 563 1721 repente
578 1645 696 1704 demisit
710 1655 799 1720 caput

218 1748 257 1803 Et
272 1752 312 1803 sic
327 1745 448 1820 porcelli
462 1749 567 1802 vocem
583 1752 627 1800 est
642 1742 771 1800 imitetus
785 1747 847 1815 suit,

216 1845 327 1900 Verum
341 1851 374 1900 ut
388 1841 506 1900 subesse
521 1841 610 1916 pallio
625 1840 841 1897 contenderent

218 1941 258 1998 Et
273 1945 370 1998 excuti
384 1939 528 1997 iuberent.
572 1938 640 2011 Quo
656 1938 734 1994 facto
749 1936 835 1995 simul

218 2037 300 2095 Nihil
314 2047 359 2094 est
373 2046 531 2111 repertum,
547 2035 643 2092 multis
658 2043 782 2092 onerant
796 2031 931 2092 laudibus

218 2135 442 2208 Hominemque
457 2133 560 2207 plausu
574 2137 791 2207 prosequuntur
805 2130 942 2188 maximo.

217 2233 289 2288 Hoc
303 2230 376 2289 vidit
391 2231 453 2288 fieri
467 2229 600 2288 rusticus.
642 2229 732 2286 ‘Non
747 2227 914 2286 mehercule

219 2329 270 2385 Me
284 2328 401 2396 vincet‚'
416 2327 531 2401 inquit;
553 2336 583 2384 et
598 2326 696 2384 statim
711 2325 859 2400 professus
873 2333 918 2383 est

218 2424 304 2483 Idem
320 2426 464 2482 facturum
480 2423 582 2481 melius
598 2428 629 2480 sc
645 2422 797 2498 postridie.

217 2523 265 2580 Fit
279 2523 364 2580 turba
379 2522 480 2579 molor.
524 2523 588 2578 Iam
603 2521 685 2578 favor
699 2524 814 2578 mentes
829 2528 911 2577 tenet

217 2718 350 2790 Uterque
365 2715 472 2790 prodit.
515 2716 619 2773 Scurra
634 2713 791 2789 degrunnit
805 2713 885 2787 prior

218 2815 380 2886 Movetque
395 2813 512 2887 plausus
527 2822 557 2869 et
571 2812 716 2868 climores
731 2811 858 2869 suscitat.

216 2912 301 2968 Tunc
316 2910 456 2967 simule'tns
471 2913 534 2967 sese
548 2914 729 2966 vestimentis
744 2908 868 2966 rusticus

218 3008 385 3065 Porcellum
400 3007 550 3081 obtegere,
564 3005 694 3080 -quod
711 3005 838 3063 faciebat
853 3003 974 3073 scilicet,

217 3103 286 3177 Sed,
301 3104 331 3161 in
345 3104 442 3178 priore
457 3103 526 3177 quia
540 3103 580 3160 ml
594 3111 810 3177 compererant,
826 3101 968 3159 lateus—

218 3200 353 3258 Pervellit
368 3218 470 3258 aurem
482 3205 563 3271 vero,
577 3217 666 3274 quem
682 3200 837 3268 celiverat,

219 3299 340 3355 Etcum
356 3296 459 3355 dolore
473 3303 579 3355 vocem
594 3301 714 3354 nutritae
729 3295 875 3370 exprimit.

219 3410 1190 3440 ———--.-.-.-2

482 3545 484 3550 .
563 3517 599 3562 32.
614 3502 745 3560 pei-uellit:
765 3499 874 3560 ‘pulled’
