2484 4000
453 310 556 373 Liber
584 311 616 373 V.

23 500 188 558 Adclamat
202 499 328 575 populus
343 516 471 556 scurram
487 499 580 556 multo
595 499 716 557 similius

23 598 194 668 Imitritum,
210 607 240 654 et
254 597 335 671 cogit
349 596 490 673 rusticum
504 595 583 653 trudi
598 596 684 654 foras.

23 699 67 752 At
84 695 132 753 ille
147 694 260 770 profert
275 694 371 768 ipsum
387 693 550 768 porcellum
565 697 582 749 e
597 693 671 763 sinu,

20 794 222 867 Turpemque
236 796 339 865 aperto
354 797 477 865 pignore
492 795 621 848 errorem
635 790 765 864 probans
777 812 783 847 :

23 877 96 947 ‘En
110 889 159 947 hic
174 887 313 960 declarat,
328 887 430 962 quales
445 887 506 945 sltis
521 887 634 945 indices
647 889 671 944 l'

80 1114 146 1170 vl.
185 1112 314 1168 Calvus
332 1115 364 1165 et
384 1112 538 1178 Quidam
555 1111 672 1177 Aeque
689 1110 972 1176 Pllts'Defootus.

68 1248 191 1307 Invenit
205 1248 304 1306 calvus
317 1249 399 1306 forte
413 1248 442 1305 in
458 1248 542 1305 trivio
558 1247 717 1322 pectinem.

23 1346 165 1405 Accessit
180 1346 262 1417 alter,
277 1349 373 1421 aeque
388 1343 522 1402 deiectus
537 1344 610 1419 pilis.

24 1444 129 1502 ‘Heia
142 1445 167 1502 l’
183 1443 286 1517 inquit,
302 1443 349 1498 ‘in
364 1447 522 1500 commune
537 1441 748 1516 quodcumque
763 1449 808 1500 est
821 1441 910 1499 lucri!

24 1539 171 1601 Ostendit
186 1540 234 1597 ille
248 1539 390 1614 praedam
405 1549 435 1596 et
449 1537 559 1596 adiecit
573 1539 658 1596 simul
670 1561 676 1596 :

25 1639 193 1713 ‘Superum
208 1638 342 1695 voluntas
356 1636 451 1708 lavit,
473 1635 526 1694 sed
541 1637 608 1693 fato
623 1636 723 1695 invido

25 1736 211 1806 Carbonem,
225 1743 258 1791 ut
271 1735 361 1805 iiunt,
376 1739 430 1808 pro
445 1733 581 1791 thesauro
596 1733 779 1791 invenimus)

66 1833 170 1907 Quem
184 1835 253 1906 spes
267 1830 383 1902 delusit,
399 1830 467 1888 huic
482 1830 612 1905 querella
626 1831 772 1888 convenit.
807 1895 810 1908 Δ

299 2059 382 2114 VII.
417 2059 587 2124 Princeps
608 2058 759 2112 sabinen.

64 2197 131 2258 Ubi
143 2201 235 2254 vanus
249 2195 363 2253 animus
377 2200 447 2252 aura
461 2202 564 2268 captus
578 2194 680 2251 frivola·

23 2293 167 2370 Adripuit
179 2293 355 2351 insolentem
371 2292 426 2350 sibi
441 2291 596 2363 fiduciam,

25 2391 130 2450 Facile
145 2388 184 2447 ad
198 2389 328 2448 derisum
344 2389 431 2446 stulta
445 2389 545 2446 levitas
560 2387 686 2446 ducitur.

65 2490 210 2562 Princeps
224 2487 334 2545 tibicen
348 2486 446 2544 notior
459 2485 547 2559 paulo
562 2485 624 2555 suit,

25 2584 160 2659 Operam
175 2584 309 2660 Bathyllo
323 2583 424 2641 solitus
439 2584 469 2640 in
484 2587 591 2640 scaen}
604 2580 684 2639 dare.

26 2680 55 2739 Is
70 2682 85 2741 s
87 2689 155 2741 orte
169 2681 246 2738 ludis
259 2686 369 2738 -non
384 2680 452 2738 satis
468 2679 589 2737 memini
602 2678 707 2752 quibus
717 2712 755 2721 -

26 2778 108 2836 Dum
124 2783 234 2853 pegma
248 2777 366 2852 rapitur,
382 2776 513 2834 concidit
528 2780 598 2832 casir
613 2781 693 2849 gravi

27 2874 93 2934 Nec
109 2881 243 2951 opinans,
259 2883 289 2932 et
304 2875 450 2932 sinistram
466 2874 551 2948 fregit
566 2873 679 2944 tibiam,

27 2971 109 3032 Duas
124 2991 193 3030 cum
208 2971 326 3030 dextris
341 2971 489 3029 maluisset
503 2969 638 3046 perdere.

26 3069 109 3128 Inter
124 3074 229 3128 manus
244 3069 372 3128 sublatus
386 3078 417 3126 et
431 3068 554 3126 multum
568 3073 690 3143 gemens

27 3165 161 3225 Domum
175 3166 308 3224 refertur.
349 3166 470 3240 Aliquot
484 3169 601 3223 menses
616 3171 777 3235 transeunt,

26 3262 73 3321 Ad
87 3264 244 3323 sanitatem
259 3261 331 3321 dum
346 3263 426 3320 venit
439 3262 561 3320 curetis).

54 3441 131 3497 v1,1.
142 3443 276 3504 pectinem:
291 3442 390 3487 ‘00me
582 3454 604 3496 7.
614 3441 717 3498 pigma:
732 3442 811 3497 ‘stage
822 3439 975 3498 machinery.'

55 3515 113 3562 Vll.
128 3517 258 3574 Princeps:
273 3528 386 3574 aproper
396 3528 475 3560 name.
