2484 4000
581 293 732 357 Phaedro·
753 294 950 358 Fa'bulcimm

532 591 634 645 XIII.
677 590 797 657 Vulpes
815 594 847 644 et
866 591 1011 645 corvus.

311 744 370 816 Qui
384 747 415 800 se
429 742 544 828 lauditi'
554 743 662 818 gaudet
677 743 772 802 verbis
786 743 925 815 subdolis

271 840 341 899 Scri
355 840 406 898 dat
420 847 532 915 poenis
547 845 646 914 turpes
661 840 851 915 paenitentii.

311 938 387 996 Cum
403 936 441 995 de
457 938 583 996 fenestri
597 956 701 995 corvus
716 947 832 1012 raptum
846 943 965 996 ciseum

270 1035 413 1094 Comesse
427 1034 524 1105 vellet,
540 1035 618 1093 celsi
631 1035 762 1092 residens
776 1035 890 1106 arbore,

269 1132 380 1206 Volpes
395 1132 473 1189 hunc
486 1132 568 1202 vidit,
584 1130 693 1189 deinde
709 1138 749 1189 sic
764 1133 865 1207 coepit
879 1132 976 1206 loqui:

270 1216 316 1288 ‘O
331 1235 381 1303 qui
396 1235 519 1300 tuirum,
534 1247 631 1300 corve,
647 1234 809 1302 pennarum
823 1237 868 1286 est
883 1229 978 1286 nitor!

271 1327 421 1400 Quantum
437 1324 552 1383 decoris
567 1343 692 1400 corpore
707 1335 737 1383 et
750 1325 831 1383 vultir
845 1325 940 1400 geris!

270 1424 300 1481 Si
312 1428 418 1481 vocem
432 1422 566 1494 haberes,
581 1423 659 1480 milla
674 1423 754 1497 prior
767 1423 827 1480 iles
842 1422 934 1479 soret)

270 1521 308 1576 At
323 1520 371 1577 ille
385 1519 497 1590 stultus,
513 1519 585 1577 dum
599 1519 660 1576 vuit
674 1525 779 1576 vocem
794 1518 961 1590 ostendere,

270 1603 376 1675 Emisit
390 1623 441 1675 ore
457 1623 586 1689 ciseum,
602 1634 690 1691 quem
706 1616 840 1674 celeriter

271 1714 382 1772 Dolosa
395 1713 497 1788 volpes
510 1713 602 1771 avidis
616 1714 712 1788 rapuit
727 1713 874 1771 dentibus.

269 1811 346 1868 Tum
362 1809 483 1868 demum
497 1811 640 1885 ingemuit
653 1817 734 1867 corvi
748 1810 893 1884 deceptus
908 1820 1018 1885 stupor.

313 1907 398 1985 [Huic
413 1913 444 1966 re
458 1908 600 1982 probitur
612 1917 755 1982 quantum
771 1908 920 1982 ingenium
935 1909 1031 1980 valet;

269 2005 383 2063 Virtute
398 2022 515 2080 semper
529 2005 678 2080 praevalet
691 2003 862 2083 sapientia]

506 2279 603 2334 XIV.
640 2279 697 2332 Eo·
715 2279 840 2332 sutore
858 2278 1028 2333 Medicus.

310 2432 407 2491 Malus
421 2449 489 2489 cum
504 2436 587 2489 sutor
600 2432 700 2506 iuopiri
713 2430 885 2506 dEperditus

269 2529 452 2588 Medicinam
465 2534 569 2604 ignoto
584 2529 681 2586 iacere
695 2527 843 2602 coepisset
856 2527 924 2586 loco

270 2629 310 2685 Et
322 2627 488 2685 vendituret
502 2625 574 2684 salso
589 2625 755 2684 antidotum
770 2625 900 2695 nomine,

268 2723 407 2797 Verbosis
422 2723 579 2798 adquisivit
592 2723 647 2781 sibi
662 2723 772 2780 simam
787 2722 923 2796 strophis,

270 2821 330 2877 Hic
345 2839 413 2878 cum
428 2821 538 2878 iaceret
553 2821 658 2879 morbo
673 2820 827 2878 coniectus
840 2825 921 2894 gravi

269 2918 335 2975 Rex
348 2918 437 2990 urbis,
453 2918 515 2974 eius
530 2916 702 2992 experiendi
716 2917 807 2992 gritiu

268 3015 416 3090 Scyphum
431 3015 587 3089 poposcit3
610 3014 677 3071 frisi
691 3013 761 3071 dein
777 3013 914 3071 simulins
928 3018 1005 3087 aqui

268 3111 411 3170 Antidotb
426 3112 548 3169 miscere
563 3111 637 3168 illius
653 3115 684 3168 se
699 3111 839 3181 toxicum,

267 3195 398 3268 Ebibere
413 3209 494 3266 iussit
507 3208 604 3283 ipsum
619 3209 716 3282 posito
730 3209 872 3282 praemio.

267 3307 387 3365 Timore
402 3289 504 3364 mortis
518 3306 566 3362 ille
581 3315 643 3362 tum
658 3305 810 3362 consessus
825 3314 870 3361 est

383 3495 449 3548 XIV,
458 3508 479 3549 4.
494 3495 608 3550 strophis:
626 3493 725 3538 ‘trieks.'
900 3507 922 3548 7.
938 3493 1044 3549 scyphum
1054 3507 1062 3535 .·
1077 3491 1145 3548 'cup'
