2578 3998
474 301 577 364 Liber
596 303 621 364 l.

65 493 134 564 Aper
146 490 289 548 fulmineis
304 489 342 547 ad
358 508 426 548 eum
441 490 520 546 venit
534 489 673 548 dentibus

66 589 97 644 Et
109 587 263 645 vindicavit
276 587 337 644 ictu
351 597 481 644 veterem
497 587 640 644 iniuriam.

65 671 167 742 Infestis
181 695 279 742 taurus
295 702 365 741 mox
379 683 514 741 cbntbdit
529 683 667 742 cornibus

65 781 167 839 Hostile
182 799 300 856 corpus.
342 781 456 852 Asinus,
471 791 504 838 ut
517 781 589 838 vidit
604 782 696 838 ferum

64 879 176 952 Impune
190 877 279 950 laedi,
294 878 423 936 calcibus
438 878 564 936 srbntem
580 877 695 936 extudit

63 976 93 1031 At
107 975 150 1033 ille
165 981 333 1050 exspirans:
358 976 479 1032 ‘Fortes
494 973 614 1050 indigne
628 975 680 1033 tuli

63 1072 126 1129 Mihi
139 1073 296 1144 insultare3
319 1077 358 1144 te,
373 1077 491 1130 naturae
507 1070 647 1144 dedecus,

63 1169 139 1242 Quod
155 1170 231 1227 serre
245 1173 346 1244 cbgor,
361 1174 441 1227 certe
456 1168 500 1227 bis
514 1167 617 1227 videor
632 1171 724 1228 mori)

229 1411 310 1466 XX.
331 1411 479 1476 (XXII.)
517 1411 672 1464 Mustela
689 1414 720 1464 et
737 1412 866 1466 Ηωηὸ.

20 1589 23 1710 ι
93 1564 218 1622 Mustela
232 1561 270 1621 ab
285 1562 405 1621 homine
420 1567 526 1637 prensa
540 1581 609 1620 cum
623 1570 781 1622 instantem
796 1582 902 1623 necem

20 1711 21 1738 ἢ
62 1659 185 1735 Effugere
200 1660 306 1718 veliet:
330 1660 478 1734 ‘Quaes6,
493 1662 601 1735 parce,'
617 1661 720 1735 inquit,
736 1662 835 1734 ‘mihi

61 1756 134 1829 Quae
148 1757 202 1816 tibi
218 1758 349 1815 molestis
363 1757 493 1817 muribus
507 1762 602 1832 purge}
617 1756 758 1816 domum’

60 1853 216 1930 Respondit
230 1855 297 1913 ille:
321 1855 464 1912 ‘Faceres
479 1861 502 1912 si
516 1860 604 1912 causa
618 1861 693 1926 mea,

18 1949 20 2052 Ι
60 1950 172 2010 Gratum
188 1961 266 2010 esset
281 1961 311 2010 et
325 1951 475 2010 dedissem
489 1951 605 2009 veniam
620 1953 753 2028 supplici.

18 2053 19 2132 i
60 2047 137 2106 Nunc
152 2049 222 2123 quia
235 2049 358 2120 labbras,
374 2059 405 2107 ut
420 2049 521 2106 fruaris
536 2049 673 2122 reliquiis,

18 2133 20 2222 ζ
59 2144 130 2218 Quas
144 2156 211 2204 sunt
226 2150 328 2218 rbstiri,
344 2146 429 2203 simul
444 2155 474 2203 et
488 2146 568 2219 ipsns
583 2145 717 2218 devores,

18 2249 19 2284 ἒ
58 2241 120 2300 ΝόΙῑ
132 2243 277 2319 imputare
291 2249 398 2300 vanum
413 2243 590 2301 beneficium
606 2243 697 2301 mihi’

56 2340 145 2414 Atque
160 2340 202 2397 ita
215 2340 329 2397 locfltus
344 2340 510 2415 improbam
525 2340 584 2397 leti)
599 2339 692 2399 dedit.

91 2438 160 2495 Hbc
176 2437 206 2494 in
220 2441 252 2494 se
267 2435 379 2494 dictum
395 2436 505 2496 'debent
520 2437 559 2494 illi
573 2442 743 2512 agnbscere,

57 2532 183 2607 Qubmm
198 2540 309 2609 privata
322 2535 410 2592 servit
423 2534 531 2592 irtilitais
545 2534 601 2592 sibi

57 2630 90 2687 Et
105 2631 240 2688 meritum
254 2631 341 2688 inane
355 2631 465 2688 iactant
479 2630 704 2705 imprudentius.

252 2867 352 2922 XXI.
373 2868 540 2932 (XXIII.)
580 2866 688 2923 Oanis
706 2869 850 2923 Fidelis.

91 3019 226 3094 Repente
240 3019 365 3079 liberilis
379 3020 472 3077 stultis
486 3025 585 3094 gratus
599 3030 653 3092 est,

55 3113 157 3173 Vemm
173 3123 273 3192 peritis
287 3116 389 3175 inritns
404 3116 499 3175 tendit
513 3116 607 3175 deins.

92 3213 259 3271 Nocturnus
274 3231 342 3270 cum
358 3213 407 3270 sur
421 3219 529 3289 panem
544 3214 668 3272 misisset
682 3221 757 3286 cani,

80 3425 144 3481 XIX,
153 3437 175 3484 5.
190 3425 332 3485 fulmineis:
354 3425 524 3478 'mundemus'
605 3427 658 3472 XX.
675 3428 796 3474 Mustila:
812 3429 948 3475 ‘aweaseL'

55 3499 162 3558 ‘deadly.'
604 3515 626 3557 7.
640 3503 722 3545 νὸηῑνῑ
731 3507 799 3548 sunt:
811 3505 815 3523 ¹
824 3503 906 3547 intend
912 3510 937 3547 to
944 3504 1048 3548 devour.’
