2484 4000
561 279 713 343 Phaedri
734 279 932 342 Fabuldmm

373 575 511 634 xxvr.
527 575 728 641 (xxvnr.)
772 574 893 640 Vulpes
909 576 942 626 et
958 573 1103 640 Aquom.

278 711 419 785 Quamvis
433 710 572 770 sublimes
587 710 699 769 debent
713 709 838 768 humiles
853 719 995 780 metuere,

237 807 377 866 Vindicta
391 808 482 866 docili
495 809 563 882 quia
579 817 661 883 patet
674 807 831 866 sollertiae.
984 873 988 880 ,

277 906 421 981 Volplnr'rs
435 904 548 964 catulc'rs
562 905 659 979 aquila
672 903 824 980 quondam
838 903 953 962 sustulit

238 1001 378 1078 Nidoque
394 1003 491 1077 posuit
506 1001 600 1076 pullis,
615 1005 715 1060 escam
729 1011 762 1059 ut
775 1009 939 1076 carperent.

239 1101 327 1156 Hanc
342 1103 498 1174 persecuta
513 1104 607 1157 mater
620 1103 704 1157 orare
719 1098 832 1174 incipit,

239 1198 287 1254 Ne
301 1207 414 1254 tantum
430 1197 553 1255 miserae
567 1197 677 1253 luctum
693 1197 864 1272 importfiret
879 1194 942 1254 sibi.

238 1294 426 1369 Contempsit
440 1293 498 1365 illa,
513 1298 576 1351 tuta
589 1293 701 1368 quippe
715 1293 781 1368 ipso
796 1293 872 1350 loco.

237 1391 348 1466 Volpes
362 1392 400 1449 ab
414 1396 464 1448 ara
477 1391 572 1464 rapuit
586 1389 741 1448 ardentem
755 1390 851 1447 facem

237 1489 405 1563 Totamque
420 1487 544 1544 flammis
558 1487 694 1546 arborem
709 1484 916 1558 circumdedit,

239 1585 342 1643 Hostis
357 1583 491 1643 dolorem
506 1583 617 1642 damno
632 1585 759 1642 miscens
772 1583 929 1658 sanguinis.

238 1683 344 1757 Aquila
359 1691 391 1739 ut
404 1682 516 1756 periclo
531 1682 633 1740 mortis
647 1682 775 1756 eriperet
789 1685 857 1739 suos

239 1779 407 1836 Incolumes
421 1783 505 1836 natos
520 1778 644 1853 supplex
657 1778 737 1853 volpi
751 1776 881 1836 tradidit.

284 2012 436 2068 XXVII.
457 2013 601 2079 (XXX.)
638 2012 766 2148 133?ss
767 2012 975 2148 ἕειιιοηίῡε
996 2010 1198 2064 Taurorum

279 2230 416 2288 Humiles
430 2230 573 2302 laborant,
587 2230 639 2290 ubi
653 2234 790 2306 potentes
805 2227 957 2287 dissident.

239 2329 324 2386 Rana
338 2328 367 2384 iu
382 2326 490 2402 palude
506 2333 636 2403 pugnam
650 2331 800 2385 taurorum
815 2327 949 2384 intuens:

239 2426 327 2481 ‘Heu
341 2434 452 2498 quanta
466 2424 552 2482 nobis
565 2431 655 2483 instat
669 2425 814 2500 pernicies
828 2427 834 2481 l
847 2425 853 2450 ¹
869 2424 918 2481 ait.

240 2523 423 2596 Interrogata
437 2521 475 2580 ab
490 2521 554 2592 alia,
570 2527 623 2579 cur
636 2521 694 2579 hoc
709 2520 832 2592 diceret,

239 2619 286 2676 De
301 2618 466 2693 principatu
481 2637 548 2675 cum
564 2619 605 2676 illi
618 2625 764 2677 certarent
777 2618 872 2694 gregis

239 2717 400 2790 Longeque
415 2715 452 2774 ab
467 2715 536 2790 ipsis
552 2715 694 2791 degerent
707 2722 795 2774 vitam
811 2714 919 2774 boves:

239 2813 311 2869 ‘Est
325 2812 412 2870 statio
428 2816 563 2886 separata
576 2831 611 2869 ae
626 2812 772 2871 diversum
787 2830 898 2887 genus;

238 2908 295 2967 Sed
312 2910 411 2983 pulsus
425 2913 517 2983 regno
532 2911 670 2967 memoris
685 2915 736 2984 qui
750 2908 927 2983 profugerit,

240 3006 355 3064 Palt'rdis
370 3007 401 3062 in
415 3010 530 3063 secreta
543 3007 642 3064 veniet
656 3006 776 3064 latibula

239 3104 278 3161 Et
292 3102 478 3178 proculcatas
492 3102 609 3161 obteret
621 3103 697 3162 duro
711 3101 800 3178 pede.

239 3200 286 3257 lta
299 3210 390 3276 caput
404 3198 443 3257 ad
457 3211 589 3257 nostrum
605 3200 684 3258 furor
697 3200 814 3258 illorum
828 3200 975 3276 pertinet!

507 3411 597 3465 XXVI,
608 3425 628 3456 2.
643 3411 766 3456 vindicta:
781 3411 943 3468 ‘vengeauce'

507 3484 610 3538 XXVII,
620 3499 642 3542 9.
653 3485 769 3531 latibula:
780 3483 980 3542 'hiding-places.’
