2578 3998
429 289 534 352 Liber
552 289 615 352 III.

25 479 168 550 Faciebat,
185 478 289 538 solitae
304 483 414 536 victum
428 477 458 534 in
473 476 603 535 tenebris
617 494 758 551 quaerere

25 577 159 651 Cavoque
176 581 260 634 ramo
275 592 383 649 capere
398 591 535 632 somnum
549 573 688 632 interdiu.

25 675 134 748 Rogata
150 683 206 745 est,
221 683 254 730 ut
268 677 389 730 tacEret.
432 671 528 728 Multo
542 671 665 730 validius

25 771 152 828 Clamare
168 768 278 844 coepit.
322 769 433 826 Rursus
447 767 570 826 admota
583 785 673 842 prece

13 869 152 925 ,Accensa
168 866 261 941 magis
276 870 329 923 est.
373 865 492 922 Noctua
505 874 538 921 ut
551 863 625 922 vidit
639 865 695 924 sibi

25 964 139 1021 Nillum
156 981 221 1022 esse
236 962 376 1020 auxilium
391 971 421 1019 et
434 962 525 1019 verba
539 968 690 1019 contemni
704 979 766 1035 sua,

26 1061 82 1118 Hac
97 1070 147 1118 est
162 1077 299 1135 aggressa
311 1059 457 1134 garrulam
471 1059 603 1117 fallacia:

25 1160 175 1216 ‘Dormire
190 1157 260 1231 quia
273 1161 322 1214 me
337 1161 398 1214 non
411 1156 510 1213 sinunt
524 1160 627 1214 cantus
641 1162 692 1226 tui,

25 1256 125 1313 Sonare
142 1254 288 1312 citharam
303 1258 378 1328 quos
392 1257 478 1327 putes
492 1253 645 1336 Apollinis,
682 1250 684 1258 ’

25 1353 123 1410 Potare
140 1361 187 1410 est
200 1351 314 1408 animus
329 1361 440 1421 nectar,
455 1349 537 1424 quod
552 1351 645 1408 Pallas
661 1349 732 1408 mihi

25 1450 121 1525 Nuper
136 1448 279 1520 donavit3
302 1453 326 1506 si
340 1453 400 1505 non
415 1447 536 1518 fastidis,
551 1453 637 1520 veni;

25 1533 83 1604 Una
97 1546 257 1605 bibamus!
301 1545 363 1616 Illa,
379 1563 456 1619 quae
470 1544 573 1602 arebat
587 1544 643 1617 siti,

25 1644 109 1701 Simul
123 1642 266 1718 cognovit
278 1647 384 1700 vocem
398 1641 509 1700 laudari
523 1659 616 1712 suam,

26 1740 138 1816 Cupide
153 1739 309 1797 advolavit.
352 1740 472 1796 Noctua
486 1743 603 1814 egressa
617 1743 634 1796 ἓ
649 1744 722 1797 cavo

26 1837 235 1913 Trepidantem
249 1841 421 1894 consectata
435 1845 479 1893 est
493 1845 523 1894 et
537 1836 597 1894 leto
612 1834 696 1893 dedit

27 1935 65 1993 Sic
79 1941 147 1993 viva
161 1931 243 2009 quod
257 1938 377 2008 negarat
393 1932 492 1992 tribuit
507 1942 631 1990 mortua.

101 2159 207 2214 XIII.
228 2158 373 2224 (XVII.)
409 2158 561 2212 Arbores
578 2157 618 2210 tn
635 2158 793 2212 Daimon
813 2157 947 2213 Nida.

60 2284 154 2366 Olim,
168 2300 241 2370 quis
254 2294 363 2352 vellent
378 2311 442 2352 esse
456 2294 487 2351 in
501 2293 592 2351 tutela
606 2299 665 2365 sua,

28 2395 90 2452 Divi
103 2394 238 2467 legerunt
252 2392 381 2450 arbores.
424 2390 559 2464 Quercus
575 2393 639 2449 Iovi

28 2492 61 2549 Et
76 2499 188 2564 myrtus
202 2490 311 2546 Veneri
325 2487 443 2564 placuit,
460 2487 582 2547 Phoebo
597 2488 704 2560 laurea,

28 2590 112 2646 ffinus
127 2585 277 2661 CybEbae,
292 2585 418 2659 pdpulus
432 2584 512 2642 celsa
527 2585 660 2642 Herculi.

28 2687 160 2743 Minerva
173 2681 329 2754 admirans,
344 2687 404 2756 qui
416 2686 448 2739 re
462 2681 575 2740 steriles
589 2687 747 2754 sumerent,

28 2780 227 2855 Interrogavit.
269 2779 397 2838 Causam
412 2778 486 2836 dixit
501 2778 651 2854 Iuppiter:

28 2881 199 2938 ‘Honorem
214 2876 309 2934 fructu
323 2881 361 2934 n}
374 2875 528 2934 videamur
541 2873 690 2935 vendere!

28 2980 89 3048 ‘At,
105 2972 297 3044 mehercules,
312 2973 440 3031 narrabit
454 2973 535 3048 quod
550 2973 615 3048 quis
629 2972 763 3044 voluerit,

29 3075 111 3134 Oliva
125 3070 208 3129 nobis
222 3080 345 3146 propter
359 3071 485 3127 frictum
500 3079 545 3127 est
558 3069 685 3145 gratior!

29 3173 111 3230 Tunc
125 3174 165 3226 sic
175 3165 300 3226 deirum
313 3167 430 3242 genitor
443 3175 532 3240 atque
547 3165 700 3224 hominum
716 3176 812 3225 sator:
999 3194 1027 3226 10

53 3347 127 3401 XIII,
141 3348 161 3392 8.
180 3346 305 3392 narrabit:
322 3346 382 3390 used
392 3344 448 3390 with
458 3344 499 3389 the
578 3347 600 3391 8.
619 3345 779 3390 maternalis:
802 3345 889 3402 always
913 3358 929 3390 a
952 3345 1027 3406 trisyl-

30 3427 90 3472 torce
106 3421 133 3467 ol
147 3433 163 3464 a
177 3419 328 3478 subiunctive
342 3425 368 3464 to
378 3431 474 3477 express
484 3433 499 3464 a
549 3419 612 3464 lable
623 3419 647 3464 in
658 3419 788 3465 Phaedrus.

32 3494 232 3546 nildcommand.
