<?xml version="1.0" encoding="UTF-8"?>
<!DOCTYPE html PUBLIC "-//W3C//DTD XHTML 1.0 Transitional//EN"
    "http://www.w3.org/TR/xhtml1/DTD/xhtml1-transitional.dtd">
<html xmlns="http://www.w3.org/1999/xhtml" xml:lang="en" lang="en">
 <head>
  <title>
</title>
<meta http-equiv="Content-Type" content="text/html;charset=utf-8" />
  <meta name='ocr-system' content='tesseract 3.04.00' />
  <meta name='ocr-capabilities' content='ocr_page ocr_carea ocr_par ocr_line ocrx_word'/>
</head>
<body>
  <div class='ocr_page' id='page_1' title='image "./selectedfablesp01drakgoog_0054.png"; bbox 0 0 2484 4000; ppageno 0'>
   <div class='ocr_carea' id='block_1_1' title="bbox 230 256 911 338">
    <p class='ocr_par' dir='ltr' id='par_1_1' title="bbox 230 256 911 338">
     <span class='ocr_line' id='line_1_1' title="bbox 230 256 911 338; baseline -0.004 -17"><span class='ocrx_word' id='word_1_1' title='bbox 230 276 269 338; x_wconf 86' lang='lat'>32</span> <span class='ocrx_word' id='word_1_2' title='bbox 543 256 693 319; x_wconf 77' lang='lat' dir='ltr'><em>Phaedri</em></span> <span class='ocrx_word' id='word_1_3' title='bbox 713 256 911 319; x_wconf 78' lang='lat' dir='ltr'>deuldmm</span> 
     </span>
    </p>
   </div>
   <div class='ocr_carea' id='block_1_2' title="bbox 229 432 1019 713">
    <p class='ocr_par' dir='ltr' id='par_1_2' title="bbox 229 432 1019 713">
     <span class='ocr_line' id='line_1_2' title="bbox 229 432 905 517; baseline -0.004 -14"><span class='ocrx_word' id='word_1_4' title='bbox 229 432 275 503; x_wconf 78' lang='lat' dir='ltr'>‘O</span> <span class='ocrx_word' id='word_1_5' title='bbox 291 450 367 515; x_wconf 72' lang='lat' dir='ltr'>nata,</span> <span class='ocrx_word' id='word_1_6' title='bbox 383 443 488 501; x_wconf 78' lang='lat' dir='ltr'>merito</span> <span class='ocrx_word' id='word_1_7' title='bbox 503 445 620 517; x_wconf 72' lang='lat' dir='ltr'>sapiens</span> <span class='ocrx_word' id='word_1_8' title='bbox 634 443 734 501; x_wconf 80' lang='lat' dir='ltr'>dicere</span> <span class='ocrx_word' id='word_1_9' title='bbox 749 444 905 501; x_wconf 86' lang='lat' dir='ltr'>omuibus!</span> 
     </span>
     <span class='ocr_line' id='line_1_3' title="bbox 230 527 965 615; baseline -0.004 -16"><span class='ocrx_word' id='word_1_10' title='bbox 230 542 294 599; x_wconf 87' lang='lat' dir='ltr'>Nisi</span> <span class='ocrx_word' id='word_1_11' title='bbox 308 541 378 598; x_wconf 79' lang='lat' dir='ltr'>utile</span> <span class='ocrx_word' id='word_1_12' title='bbox 393 550 438 598; x_wconf 87' lang='lat' dir='ltr'>est</span> <span class='ocrx_word' id='word_1_13' title='bbox 452 541 533 615; x_wconf 91' lang='lat' dir='ltr'>quod</span> <span class='ocrx_word' id='word_1_14' title='bbox 549 540 680 611; x_wconf 87' lang='lat' dir='ltr'>iacimus,</span> <span class='ocrx_word' id='word_1_15' title='bbox 696 527 782 598; x_wconf 90' lang='lat' dir='ltr'>stulta</span> <span class='ocrx_word' id='word_1_16' title='bbox 797 550 841 598; x_wconf 88' lang='lat' dir='ltr'>est</span> <span class='ocrx_word' id='word_1_17' title='bbox 854 541 965 615; x_wconf 71' lang='lat' dir='ltr'>gloria!</span> 
     </span>
     <span class='ocr_line' id='line_1_4' title="bbox 270 636 1019 713; baseline -0.003 -17"><span class='ocrx_word' id='word_1_18' title='bbox 270 637 352 696; x_wconf 91' lang='lat' dir='ltr'>Nihil</span> <span class='ocrx_word' id='word_1_19' title='bbox 365 655 451 713; x_wconf 87' lang='lat' dir='ltr'>agere</span> <span class='ocrx_word' id='word_1_20' title='bbox 466 637 547 712; x_wconf 93' lang='lat' dir='ltr'>quod</span> <span class='ocrx_word' id='word_1_21' title='bbox 561 642 621 695; x_wconf 78' lang='lat' dir='ltr'>non</span> <span class='ocrx_word' id='word_1_22' title='bbox 636 638 728 712; x_wconf 80' lang='lat' dir='ltr'>prosit</span> <span class='ocrx_word' id='word_1_23' title='bbox 743 636 855 696; x_wconf 76' lang='lat' dir='ltr'>labella</span> <span class='ocrx_word' id='word_1_24' title='bbox 869 637 1019 696; x_wconf 86' lang='lat' dir='ltr'>admonet.</span> 
     </span>
    </p>
   </div>
   <div class='ocr_carea' id='block_1_3' title="bbox 229 827 1189 2383">
    <p class='ocr_par' dir='ltr' id='par_1_3' title="bbox 229 827 1189 2383">
     <span class='ocr_line' id='line_1_5' title="bbox 256 827 1189 897; baseline -0.01 -11"><span class='ocrx_word' id='word_1_25' title='bbox 256 832 353 887; x_wconf 88' lang='lat' dir='ltr'>XIV.</span> <span class='ocrx_word' id='word_1_26' title='bbox 375 831 538 897; x_wconf 88' lang='lat' dir='ltr'><strong>(XVIII.)</strong></span> <span class='ocrx_word' id='word_1_27' title='bbox 575 831 671 884; x_wconf 82' lang='grc' dir='ltr'>Ρᾶυό</span> <span class='ocrx_word' id='word_1_28' title='bbox 689 831 738 884; x_wconf 81' lang='lat' dir='ltr'>ad</span> <span class='ocrx_word' id='word_1_29' title='bbox 754 830 931 884; x_wconf 59' lang='lat' dir='ltr'>Iunonem</span> <span class='ocrx_word' id='word_1_30' title='bbox 948 831 991 884; x_wconf 60' lang='lat' dir='ltr'>aa}</span> <span class='ocrx_word' id='word_1_31' title='bbox 1014 828 1098 884; x_wconf 77' lang='lat' dir='ltr'>V&#39;ooe</span> <span class='ocrx_word' id='word_1_32' title='bbox 1115 827 1189 881; x_wconf 74' lang='lat' dir='ltr'>sno.</span> 
     </span>
     <span class='ocr_line' id='line_1_6' title="bbox 270 947 911 1024; baseline 0 -16"><span class='ocrx_word' id='word_1_33' title='bbox 270 952 348 1008; x_wconf 71' lang='lat' dir='ltr'>Pavo</span> <span class='ocrx_word' id='word_1_34' title='bbox 363 950 402 1008; x_wconf 90' lang='lat' dir='ltr'>ad</span> <span class='ocrx_word' id='word_1_35' title='bbox 417 951 562 1007; x_wconf 77' lang='lat' dir='ltr'>lunonem</span> <span class='ocrx_word' id='word_1_36' title='bbox 577 950 656 1007; x_wconf 69' lang='lat' dir='ltr'>venit</span> <span class='ocrx_word' id='word_1_37' title='bbox 670 947 790 1024; x_wconf 71' lang='lat' dir='ltr'>indigne</span> <span class='ocrx_word' id='word_1_38' title='bbox 806 949 911 1021; x_wconf 73' lang='lat' dir='ltr'>serem,</span> 
     </span>
     <span class='ocr_line' id='line_1_7' title="bbox 230 1046 873 1122; baseline -0.003 -17"><span class='ocrx_word' id='word_1_39' title='bbox 230 1048 341 1105; x_wconf 78' lang='lat' dir='ltr'>Cantus</span> <span class='ocrx_word' id='word_1_40' title='bbox 355 1046 468 1116; x_wconf 75' lang='lat' dir='ltr'>luscinii</span> <span class='ocrx_word' id='word_1_41' title='bbox 482 1046 563 1122; x_wconf 92' lang='lat' dir='ltr'>quod</span> <span class='ocrx_word' id='word_1_42' title='bbox 578 1047 632 1105; x_wconf 90' lang='lat' dir='ltr'>sibi</span> <span class='ocrx_word' id='word_1_43' title='bbox 645 1051 707 1103; x_wconf 77' lang='lat' dir='ltr'>non</span> <span class='ocrx_word' id='word_1_44' title='bbox 722 1047 873 1119; x_wconf 88' lang='lat' dir='ltr'>tribuerit;</span> 
     </span>
     <span class='ocr_line' id='line_1_8' title="bbox 231 1143 866 1217; baseline -0.002 -16"><span class='ocrx_word' id='word_1_45' title='bbox 231 1145 316 1201; x_wconf 92' lang='lat' dir='ltr'>Illum</span> <span class='ocrx_word' id='word_1_46' title='bbox 332 1163 395 1201; x_wconf 91' lang='lat' dir='ltr'>esse</span> <span class='ocrx_word' id='word_1_47' title='bbox 410 1149 522 1201; x_wconf 76' lang='lat' dir='ltr'>cunctis</span> <span class='ocrx_word' id='word_1_48' title='bbox 537 1144 638 1202; x_wconf 88' lang='lat' dir='ltr'>avibus</span> <span class='ocrx_word' id='word_1_49' title='bbox 653 1143 866 1217; x_wconf 74' lang='lat' dir='ltr'>admirabilem,</span> 
     </span>
     <span class='ocr_line' id='line_1_9' title="bbox 230 1241 823 1310; baseline -0.002 -11"><span class='ocrx_word' id='word_1_50' title='bbox 230 1242 266 1299; x_wconf 69' lang='lat' dir='ltr'>SE</span> <span class='ocrx_word' id='word_1_51' title='bbox 282 1241 418 1310; x_wconf 63' lang='lat' dir='ltr'>derideri</span> <span class='ocrx_word' id='word_1_52' title='bbox 434 1241 519 1298; x_wconf 92' lang='lat' dir='ltr'>simul</span> <span class='ocrx_word' id='word_1_53' title='bbox 534 1258 568 1297; x_wconf 91' lang='lat' dir='ltr'>ac</span> <span class='ocrx_word' id='word_1_54' title='bbox 583 1245 690 1297; x_wconf 80' lang='lat' dir='ltr'>vocem</span> <span class='ocrx_word' id='word_1_55' title='bbox 705 1241 823 1300; x_wconf 88' lang='lat' dir='ltr'><strong>miserit.</strong></span> 
     </span>
     <span class='ocr_line' id='line_1_10' title="bbox 229 1336 784 1412; baseline 0 -17"><span class='ocrx_word' id='word_1_56' title='bbox 229 1339 314 1395; x_wconf 90' lang='lat' dir='ltr'>Tunc</span> <span class='ocrx_word' id='word_1_57' title='bbox 329 1336 502 1395; x_wconf 78' lang='lat' dir='ltr'>consolandi</span> <span class='ocrx_word' id='word_1_58' title='bbox 516 1337 606 1412; x_wconf 75' lang='lat' dir='ltr'>gratia</span> <span class='ocrx_word' id='word_1_59' title='bbox 621 1336 694 1394; x_wconf 84' lang='lat' dir='ltr'>dixit</span> <span class='ocrx_word' id='word_1_60' title='bbox 708 1336 784 1395; x_wconf 87' lang='lat' dir='ltr'>dea:</span> 
     </span>
     <span class='ocr_line' id='line_1_11' title="bbox 231 1433 876 1509; baseline -0.002 -16"><span class='ocrx_word' id='word_1_61' title='bbox 231 1433 306 1494; x_wconf 87' lang='lat' dir='ltr'>‘Sed</span> <span class='ocrx_word' id='word_1_62' title='bbox 322 1435 420 1492; x_wconf 72' lang='lat' dir='ltr'>forma</span> <span class='ocrx_word' id='word_1_63' title='bbox 433 1435 534 1504; x_wconf 91' lang='lat' dir='ltr'>vincis,</span> <span class='ocrx_word' id='word_1_64' title='bbox 550 1434 641 1491; x_wconf 88' lang='lat' dir='ltr'>vincis</span> <span class='ocrx_word' id='word_1_65' title='bbox 655 1434 856 1509; x_wconf 79' lang='lat' dir='ltr'>magnitudine</span> <span class='ocrx_word' id='word_1_66' title='bbox 868 1455 876 1505; x_wconf 94' lang='lat'>;</span> 
     </span>
     <span class='ocr_line' id='line_1_12' title="bbox 231 1530 810 1606; baseline -0.003 -16"><span class='ocrx_word' id='word_1_67' title='bbox 231 1532 318 1590; x_wconf 90' lang='lat' dir='ltr'>Nitor</span> <span class='ocrx_word' id='word_1_68' title='bbox 332 1530 477 1606; x_wconf 83' lang='lat' dir='ltr'>smaragdi</span> <span class='ocrx_word' id='word_1_69' title='bbox 490 1531 567 1589; x_wconf 79' lang='lat' dir='ltr'>collo</span> <span class='ocrx_word' id='word_1_70' title='bbox 582 1532 746 1605; x_wconf 69' lang='lat' dir='ltr'><strong>praefulget</strong></span> <span class='ocrx_word' id='word_1_71' title='bbox 760 1537 810 1589; x_wconf 79' lang='lat' dir='ltr'>tuo</span> 
     </span>
     <span class='ocr_line' id='line_1_13' title="bbox 231 1628 981 1704; baseline -0.003 -17"><span class='ocrx_word' id='word_1_72' title='bbox 231 1632 377 1703; x_wconf 74' lang='lat' dir='ltr'>Pictisque</span> <span class='ocrx_word' id='word_1_73' title='bbox 392 1629 498 1704; x_wconf 78' lang='lat' dir='ltr'>plumis</span> <span class='ocrx_word' id='word_1_74' title='bbox 512 1646 679 1703; x_wconf 83' lang='lat' dir='ltr'>gemmeam</span> <span class='ocrx_word' id='word_1_75' title='bbox 694 1628 819 1685; x_wconf 89' lang='lat' dir='ltr'>eandam</span> <span class='ocrx_word' id='word_1_76' title='bbox 835 1629 981 1702; x_wconf 68' lang='lat' dir='ltr'>explicas!</span> 
     </span>
     <span class='ocr_line' id='line_1_14' title="bbox 230 1725 1091 1800; baseline -0.001 -17"><span class='ocrx_word' id='word_1_77' title='bbox 230 1727 317 1800; x_wconf 76' lang='lat' dir='ltr'>‘Quo</span> <span class='ocrx_word' id='word_1_78' title='bbox 333 1728 391 1797; x_wconf 84' lang='lat' dir='ltr'>mi‚&#39;</span> <span class='ocrx_word' id='word_1_79' title='bbox 408 1726 510 1800; x_wconf 88' lang='lat' dir='ltr'>inquit,</span> <span class='ocrx_word' id='word_1_80' title='bbox 525 1730 655 1783; x_wconf 77' lang='lat' dir='ltr'>‘mutam</span> <span class='ocrx_word' id='word_1_81' title='bbox 670 1725 811 1800; x_wconf 89' lang='lat' dir='ltr'>speciem,</span> <span class='ocrx_word' id='word_1_82' title='bbox 827 1732 850 1783; x_wconf 88' lang='lat' dir='ltr'>si</span> <span class='ocrx_word' id='word_1_83' title='bbox 864 1727 965 1783; x_wconf 87' lang='lat' dir='ltr'>vincor</span> <span class='ocrx_word' id='word_1_84' title='bbox 980 1725 1091 1783; x_wconf 75' lang='lat' dir='ltr'>sonui&#39;</span> 
     </span>
     <span class='ocr_line' id='line_1_15' title="bbox 231 1823 931 1898; baseline -0.003 -16"><span class='ocrx_word' id='word_1_85' title='bbox 231 1825 386 1882; x_wconf 76' lang='lat' dir='ltr'>‘Fatorum</span> <span class='ocrx_word' id='word_1_86' title='bbox 402 1823 521 1881; x_wconf 80' lang='lat' dir='ltr'>arbitrio</span> <span class='ocrx_word' id='word_1_87' title='bbox 536 1827 633 1898; x_wconf 69' lang='lat' dir='ltr'>partes</span> <span class='ocrx_word' id='word_1_88' title='bbox 648 1833 715 1880; x_wconf 92' lang='lat' dir='ltr'>sunt</span> <span class='ocrx_word' id='word_1_89' title='bbox 729 1825 811 1881; x_wconf 81' lang='lat' dir='ltr'>vobis</span> <span class='ocrx_word' id='word_1_90' title='bbox 825 1823 931 1881; x_wconf 88' lang='lat' dir='ltr'>datae:</span> 
     </span>
     <span class='ocr_line' id='line_1_16' title="bbox 229 1920 902 1994; baseline -0.004 -14"><span class='ocrx_word' id='word_1_91' title='bbox 229 1921 298 1980; x_wconf 86' lang='lat' dir='ltr'><strong>Tibi</strong></span> <span class='ocrx_word' id='word_1_92' title='bbox 312 1920 326 1978; x_wconf 84' lang='lat' dir='ltr'>l</span> <span class='ocrx_word' id='word_1_93' title='bbox 328 1926 419 1991; x_wconf 80' lang='lat' dir='ltr'>orma,</span> <span class='ocrx_word' id='word_1_94' title='bbox 434 1925 507 1978; x_wconf 71' lang='lat' dir='ltr'>vires</span> <span class='ocrx_word' id='word_1_95' title='bbox 523 1920 646 1994; x_wconf 90' lang='lat' dir='ltr'>aquilae,</span> <span class='ocrx_word' id='word_1_96' title='bbox 661 1920 785 1978; x_wconf 78' lang='lat' dir='ltr'>luscinio</span> <span class='ocrx_word' id='word_1_97' title='bbox 800 1920 902 1991; x_wconf 89' lang='lat' dir='ltr'>melos,</span> 
     </span>
     <span class='ocr_line' id='line_1_17' title="bbox 231 2018 848 2093; baseline -0.005 -17"><span class='ocrx_word' id='word_1_98' title='bbox 231 2018 390 2093; x_wconf 87' lang='lat' dir='ltr'>Augurium</span> <span class='ocrx_word' id='word_1_99' title='bbox 405 2022 503 2089; x_wconf 78' lang='lat' dir='ltr'>corvo,</span> <span class='ocrx_word' id='word_1_100' title='bbox 518 2018 602 2075; x_wconf 91' lang='lat' dir='ltr'>laeva</span> <span class='ocrx_word' id='word_1_101' title='bbox 615 2023 725 2075; x_wconf 89' lang='lat' dir='ltr'>cornici</span> <span class='ocrx_word' id='word_1_102' title='bbox 740 2018 848 2088; x_wconf 77' lang='lat' dir='ltr'>omina,</span> 
     </span>
     <span class='ocr_line' id='line_1_18' title="bbox 231 2113 949 2189; baseline -0.003 -16"><span class='ocrx_word' id='word_1_103' title='bbox 231 2116 403 2189; x_wconf 71' lang='lat' dir='ltr'>Omnesque</span> <span class='ocrx_word' id='word_1_104' title='bbox 418 2115 543 2189; x_wconf 87' lang='lat' dir='ltr'>propriis</span> <span class='ocrx_word' id='word_1_105' title='bbox 558 2124 625 2172; x_wconf 92' lang='lat' dir='ltr'>sunt</span> <span class='ocrx_word' id='word_1_106' title='bbox 639 2124 796 2172; x_wconf 87' lang='lat' dir='ltr'>contentae</span> <span class='ocrx_word' id='word_1_107' title='bbox 811 2113 949 2172; x_wconf 67' lang='lat' dir='ltr'>dotibus!</span> 
     </span>
     <span class='ocr_line' id='line_1_19' title="bbox 272 2210 929 2286; baseline -0.003 -16"><span class='ocrx_word' id='word_1_108' title='bbox 272 2212 341 2270; x_wconf 82' lang='lat' dir='ltr'>Nou</span> <span class='ocrx_word' id='word_1_109' title='bbox 355 2211 504 2270; x_wconf 71' lang='lat' dir='ltr'>adfectare</span> <span class='ocrx_word' id='word_1_110' title='bbox 518 2211 600 2286; x_wconf 94' lang='lat' dir='ltr'>quod</span> <span class='ocrx_word' id='word_1_111' title='bbox 616 2211 669 2270; x_wconf 88' lang='lat' dir='ltr'>tibi</span> <span class='ocrx_word' id='word_1_112' title='bbox 683 2216 744 2269; x_wconf 79' lang='lat' dir='ltr'>non</span> <span class='ocrx_word' id='word_1_113' title='bbox 758 2221 802 2268; x_wconf 90' lang='lat' dir='ltr'>est</span> <span class='ocrx_word' id='word_1_114' title='bbox 817 2210 929 2282; x_wconf 88' lang='lat' dir='ltr'>datum,</span> 
     </span>
     <span class='ocr_line' id='line_1_20' title="bbox 232 2307 839 2383; baseline -0.002 -17"><span class='ocrx_word' id='word_1_115' title='bbox 232 2309 342 2368; x_wconf 72' lang='lat' dir='ltr'>Delusa</span> <span class='ocrx_word' id='word_1_116' title='bbox 355 2312 393 2366; x_wconf 71' lang='lat' dir='ltr'>ne</span> <span class='ocrx_word' id='word_1_117' title='bbox 408 2313 475 2383; x_wconf 72' lang='lat' dir='ltr'>spes</span> <span class='ocrx_word' id='word_1_118' title='bbox 490 2307 529 2366; x_wconf 88' lang='lat' dir='ltr'>ad</span> <span class='ocrx_word' id='word_1_119' title='bbox 543 2308 703 2383; x_wconf 84' lang='lat' dir='ltr'>querellam</span> <span class='ocrx_word' id='word_1_120' title='bbox 717 2307 839 2366; x_wconf 71' lang='lat' dir='ltr'>recidat.</span> 
     </span>
    </p>
   </div>
   <div class='ocr_carea' id='block_1_4' title="bbox 307 2502 1133 2570">
    <p class='ocr_par' dir='ltr' id='par_1_4' title="bbox 307 2502 1133 2570">
     <span class='ocr_line' id='line_1_21' title="bbox 307 2502 1133 2570; baseline -0.002 -11"><span class='ocrx_word' id='word_1_121' title='bbox 307 2506 385 2561; x_wconf 87' lang='lat' dir='ltr'>XV.</span> <span class='ocrx_word' id='word_1_122' title='bbox 406 2505 532 2570; x_wconf 88' lang='lat' dir='ltr'>(XIX.)</span> <span class='ocrx_word' id='word_1_123' title='bbox 569 2504 728 2570; x_wconf 74' lang='lat' dir='ltr'>Aesopus</span> <span class='ocrx_word' id='word_1_124' title='bbox 745 2503 944 2569; x_wconf 72' lang='lat' dir='ltr'>Respondet</span> <span class='ocrx_word' id='word_1_125' title='bbox 964 2502 1133 2557; x_wconf 75' lang='lat' dir='ltr'>Garrulo.</span> 
     </span>
    </p>
   </div>
   <div class='ocr_carea' id='block_1_5' title="bbox 231 2623 997 3378">
    <p class='ocr_par' dir='ltr' id='par_1_5' title="bbox 231 2623 997 3378">
     <span class='ocr_line' id='line_1_22' title="bbox 272 2623 942 2698; baseline -0.003 -16"><span class='ocrx_word' id='word_1_126' title='bbox 272 2627 405 2698; x_wconf 77' lang='lat' dir='ltr'>Aesopus</span> <span class='ocrx_word' id='word_1_127' title='bbox 420 2623 542 2682; x_wconf 77' lang='lat' dir='ltr'>domino</span> <span class='ocrx_word' id='word_1_128' title='bbox 557 2623 635 2681; x_wconf 77' lang='lat' dir='ltr'>solus</span> <span class='ocrx_word' id='word_1_129' title='bbox 650 2642 717 2680; x_wconf 92' lang='lat' dir='ltr'>cum</span> <span class='ocrx_word' id='word_1_130' title='bbox 730 2632 810 2680; x_wconf 88' lang='lat' dir='ltr'>esset</span> <span class='ocrx_word' id='word_1_131' title='bbox 825 2623 942 2694; x_wconf 73' lang='lat' dir='ltr'>familia,</span> 
     </span>
     <span class='ocr_line' id='line_1_23' title="bbox 234 2721 790 2780; baseline -0.005 -1"><span class='ocrx_word' id='word_1_132' title='bbox 234 2724 338 2780; x_wconf 70' lang='lat' dir='ltr'>Parare</span> <span class='ocrx_word' id='word_1_133' title='bbox 354 2725 459 2779; x_wconf 60' lang='lat' dir='ltr'>conam</span> <span class='ocrx_word' id='word_1_134' title='bbox 473 2721 566 2779; x_wconf 77' lang='lat' dir='ltr'>iussus</span> <span class='ocrx_word' id='word_1_135' title='bbox 582 2729 626 2778; x_wconf 91' lang='lat' dir='ltr'>est</span> <span class='ocrx_word' id='word_1_136' title='bbox 641 2721 790 2778; x_wconf 73' lang='lat' dir='ltr'>maturius.</span> 
     </span>
     <span class='ocr_line' id='line_1_24' title="bbox 232 2806 991 2894; baseline -0.004 -17"><span class='ocrx_word' id='word_1_137' title='bbox 232 2806 338 2894; x_wconf 65' lang='lat' dir='ltr'>ignem</span> <span class='ocrx_word' id='word_1_138' title='bbox 353 2823 424 2893; x_wconf 78' lang='lat' dir='ltr'>ergo</span> <span class='ocrx_word' id='word_1_139' title='bbox 439 2822 593 2892; x_wconf 75' lang='lat' dir='ltr'>quaerens,</span> <span class='ocrx_word' id='word_1_140' title='bbox 607 2817 719 2891; x_wconf 84' lang='lat' dir='ltr'>aliquot</span> <span class='ocrx_word' id='word_1_141' title='bbox 733 2817 862 2875; x_wconf 72' lang='lat' dir='ltr'>lustravit</span> <span class='ocrx_word' id='word_1_142' title='bbox 876 2816 991 2888; x_wconf 79' lang='lat' dir='ltr'>domus,</span> 
     </span>
     <span class='ocr_line' id='line_1_25' title="bbox 231 2913 997 2990; baseline 0 -18"><span class='ocrx_word' id='word_1_143' title='bbox 231 2915 428 2990; x_wconf 86' lang='lat' dir='ltr'>Tandemque</span> <span class='ocrx_word' id='word_1_144' title='bbox 443 2915 564 2986; x_wconf 73' lang='lat' dir='ltr'>invenit,</span> <span class='ocrx_word' id='word_1_145' title='bbox 579 2913 630 2973; x_wconf 91' lang='lat' dir='ltr'>ubi</span> <span class='ocrx_word' id='word_1_146' title='bbox 644 2914 795 2972; x_wconf 84' lang='lat' dir='ltr'>lucernam</span> <span class='ocrx_word' id='word_1_147' title='bbox 811 2913 997 2972; x_wconf 87' lang='lat' dir='ltr'>accenderet.</span> 
     </span>
     <span class='ocr_line' id='line_1_26' title="bbox 232 3010 940 3086; baseline -0.003 -16"><span class='ocrx_word' id='word_1_148' title='bbox 232 3013 309 3070; x_wconf 90' lang='lat' dir='ltr'>Tum</span> <span class='ocrx_word' id='word_1_149' title='bbox 324 3013 435 3069; x_wconf 90' lang='lat' dir='ltr'>circum</span> <span class='ocrx_word' id='word_1_150' title='bbox 451 3017 531 3069; x_wconf 87' lang='lat' dir='ltr'>eunti</span> <span class='ocrx_word' id='word_1_151' title='bbox 546 3011 638 3068; x_wconf 82' lang='lat' dir='ltr'>firerat</span> <span class='ocrx_word' id='word_1_152' title='bbox 653 3010 733 3086; x_wconf 93' lang='lat' dir='ltr'>quod</span> <span class='ocrx_word' id='word_1_153' title='bbox 749 3011 804 3068; x_wconf 89' lang='lat' dir='ltr'>iter</span> <span class='ocrx_word' id='word_1_154' title='bbox 817 3011 940 3086; x_wconf 88' lang='lat' dir='ltr'>longius,</span> 
     </span>
     <span class='ocr_line' id='line_1_27' title="bbox 234 3109 919 3183; baseline -0.006 -15"><span class='ocrx_word' id='word_1_155' title='bbox 234 3109 347 3168; x_wconf 70' lang='lat' dir='ltr'>Effecit</span> <span class='ocrx_word' id='word_1_156' title='bbox 361 3109 497 3181; x_wconf 83' lang='lat' dir='ltr'>brevius3</span> <span class='ocrx_word' id='word_1_157' title='bbox 519 3126 647 3183; x_wconf 89' lang='lat' dir='ltr'>namque</span> <span class='ocrx_word' id='word_1_158' title='bbox 662 3111 743 3166; x_wconf 68' lang='lat' dir='ltr'>recta</span> <span class='ocrx_word' id='word_1_159' title='bbox 756 3125 810 3182; x_wconf 88' lang='lat' dir='ltr'>per</span> <span class='ocrx_word' id='word_1_160' title='bbox 824 3109 919 3165; x_wconf 86' lang='lat' dir='ltr'>forum</span> 
     </span>
     <span class='ocr_line' id='line_1_28' title="bbox 234 3204 970 3281; baseline -0.007 -15"><span class='ocrx_word' id='word_1_161' title='bbox 234 3207 342 3281; x_wconf 88' lang='lat' dir='ltr'>Coepit</span> <span class='ocrx_word' id='word_1_162' title='bbox 356 3206 460 3265; x_wconf 87' lang='lat' dir='ltr'>redire.</span> <span class='ocrx_word' id='word_1_163' title='bbox 504 3207 542 3263; x_wconf 92' lang='lat' dir='ltr'>Et</span> <span class='ocrx_word' id='word_1_164' title='bbox 556 3204 678 3281; x_wconf 84' lang='lat' dir='ltr'>quidam</span> <span class='ocrx_word' id='word_1_165' title='bbox 692 3209 710 3262; x_wconf 75' lang='lat' dir='ltr'>e</span> <span class='ocrx_word' id='word_1_166' title='bbox 724 3205 809 3262; x_wconf 69' lang='lat' dir='ltr'>turba</span> <span class='ocrx_word' id='word_1_167' title='bbox 823 3204 952 3279; x_wconf 87' lang='lat' dir='ltr'>garrulus</span> <span class='ocrx_word' id='word_1_168' title='bbox 964 3226 970 3261; x_wconf 90' lang='lat'>:</span> 
     </span>
     <span class='ocr_line' id='line_1_29' title="bbox 234 3301 903 3378; baseline -0.004 -17"><span class='ocrx_word' id='word_1_169' title='bbox 234 3306 379 3378; x_wconf 53' lang='lat' dir='ltr'>‘Aesopo</span> <span class='ocrx_word' id='word_1_170' title='bbox 394 3301 495 3360; x_wconf 78' lang='lat' dir='ltr'>medio</span> <span class='ocrx_word' id='word_1_171' title='bbox 510 3303 571 3360; x_wconf 78' lang='lat' dir='ltr'>sole</span> <span class='ocrx_word' id='word_1_172' title='bbox 585 3301 657 3377; x_wconf 92' lang='lat' dir='ltr'>quid</span> <span class='ocrx_word' id='word_1_173' title='bbox 672 3319 740 3358; x_wconf 93' lang='lat' dir='ltr'>cum</span> <span class='ocrx_word' id='word_1_174' title='bbox 755 3302 903 3359; x_wconf 78' lang='lat' dir='ltr'>luminei&#39;</span> 
     </span>
    </p>
   </div>
   <div class='ocr_carea' id='block_1_6' title="bbox 452 3460 1016 3519">
    <p class='ocr_par' dir='ltr' id='par_1_6' title="bbox 452 3460 1016 3519">
     <span class='ocr_line' id='line_1_30' title="bbox 452 3460 1016 3519; baseline 0 -12"><span class='ocrx_word' id='word_1_175' title='bbox 452 3461 519 3515; x_wconf 86' lang='lat' dir='ltr'>XIV,</span> <span class='ocrx_word' id='word_1_176' title='bbox 531 3473 565 3519; x_wconf 85' lang='lat'>15.</span> <span class='ocrx_word' id='word_1_177' title='bbox 582 3460 678 3515; x_wconf 61' lang='lat' dir='ltr'>recidat,</span> <span class='ocrx_word' id='word_1_178' title='bbox 690 3466 739 3515; x_wconf 88' lang='lat' dir='ltr'>not,</span> <span class='ocrx_word' id='word_1_179' title='bbox 751 3473 778 3505; x_wconf 89' lang='lat' dir='ltr'>as</span> <span class='ocrx_word' id='word_1_180' title='bbox 788 3461 911 3519; x_wconf 80' lang='lat' dir='ltr'>regularly,</span> <span class='ocrx_word' id='word_1_181' title='bbox 921 3461 1016 3507; x_wconf 79' lang='lat' dir='ltr'>recidat.</span> 
     </span>
    </p>
   </div>
   <div class='ocr_carea' id='block_1_7' title="bbox 0 0 1252 4000">
    <p class='ocr_par' dir='ltr' id='par_1_7' title="bbox 0 0 1252 4000">
     <span class='ocr_line' id='line_1_31' title="bbox 0 0 1252 4000; baseline 0 0"><span class='ocrx_word' id='word_1_182' title='bbox 0 0 1252 4000; x_wconf 95' lang='lat' dir='ltr'> </span> 
     </span>
    </p>
   </div>
  </div>
 </body>
</html>
