2484 4000
445 326 549 410 Liber
571 328 603 390 V.

12 516 145 574 Voluisti
159 525 254 573 morte
269 515 370 572 ulcisci
379 536 388 587 3
410 514 482 589 quid
498 515 587 572 facies
603 515 665 588 tibi,

14 613 150 670 Iniuriae
164 617 215 686 qui
229 611 379 670 addideris
395 611 641 669 contumeliaml'

14 708 207 784 Respondit:
231 710 370 766 ‘Mecum
385 709 469 766 facile
484 708 575 767 redeo
590 709 619 766 in
634 711 766 784 gratiam,

14 807 95 879 Quia
109 811 173 864 non
187 805 275 863 fuisse
289 815 420 863 mentem
434 805 572 864 laedendi
586 807 654 864 scio.

13 904 73 961 Sed
89 907 132 974 tc,
148 908 313 977 contempti
327 903 441 977 generis
456 903 563 960 animal
578 903 756 978 improbum,

14 1001 103 1073 Quae
119 999 274 1058 dilectaris
289 999 391 1058 bibere
406 999 566 1057 huminum
582 1001 762 1075 sanguinem,

14 1097 132 1170 Optem
146 1101 252 1154 necare
266 1097 313 1154 vel
327 1097 437 1154 mitiore
452 1097 663 1156 incommodo)

53 1195 131 1252 Hoc
146 1198 351 1267 argumentum
365 1194 450 1250 venia
464 1193 568 1252 donini
582 1194 682 1267 docet,

15 1289 74 1362 Qui
88 1295 162 1348 casir
176 1299 292 1365 peccat.
335 1290 412 1347 Nam
429 1297 480 1364 qui
494 1291 617 1348 consilio
632 1301 677 1348 est
691 1295 812 1363 nocens,

16 1386 105 1444 lllum
121 1404 186 1445 esse
200 1392 300 1462 quivis
315 1386 435 1462 dignum
450 1393 548 1462 poena
560 1389 669 1447 iudico.

276 1595 338 1649 1v.
373 1593 506 1647 Asinos
524 1595 556 1645 ot
573 1591 764 1646 Porcellus.

55 1731 189 1806 Quidam
204 1728 384 1787 immolasset
397 1746 513 1786 verrem
527 1746 595 1784 cum
611 1733 714 1785 sancto
730 1727 862 1798 Herculi,

17 1827 72 1886 Cui
87 1833 144 1904 pro
159 1827 251 1886 salute
264 1831 366 1884 votum
381 1824 510 1884 debebat
525 1830 585 1896 sua,

17 1927 118 1983 Asello
133 1924 217 1983 iussit
230 1923 366 1997 reliquiais
380 1927 451 1997 poni
464 1921 578 1980 hordei.

19 2020 100 2093 Quais
113 2026 286 2096 aspernitus
300 2020 348 2077 ille
362 2026 403 2077 sic
418 2020 533 2077 locutus
548 2027 610 2076 est:

18 2117 179 2178 ‘Libenter
193 2118 280 2176 istum
294 2121 412 2192 prorsus
426 2125 599 2190 appeterem
613 2114 722 2186 cibum,

19 2214 93 2288 Nisi,
108 2221 160 2290 qui
173 2219 297 2273 nutritus
312 2214 360 2271 illo
375 2224 429 2285 est,
444 2212 587 2288 iugulitus
602 2212 696 2269 foret!

58 2313 159 2370 Huius
173 2316 309 2386 respectu
324 2311 444 2369 fabulae
459 2309 614 2368 deterritus
651 2325 652 2328 ’

20 2407 220 2468 Periculosum
234 2425 352 2482 semper
365 2413 451 2465 vitavi
464 2407 586 2464 lucrum.

18 2504 77 2564 Sed
92 2506 186 2565 dicis:
209 2506 287 2579 ‘Qui
300 2509 423 2579 rapuere
438 2503 562 2575 divitias,
577 2503 706 2561 habent.¹

20 2699 166 2760 Maiorem
181 2699 297 2758 turbam
312 2702 480 2772 punitorum
494 2697 631 2771 reperies.

20 2795 125 2856 Paucis
139 2796 289 2856 temeritais
303 2805 348 2853 est
362 2796 450 2865 bono,
465 2793 563 2851 multis
577 2794 665 2851 malo.

291 3019 335 3074 V.
371 3017 504 3071 Sowmr
521 3018 553 3069 et
569 3015 750 3068 Rusticus.

61 3158 156 3214 Privb
170 3154 269 3213 lavore
283 3153 341 3212 libi
356 3152 492 3211 mortailes
507 3150 611 3209 solent.

15 3181 69 3326 it,
84 3257 139 3328 pro
154 3251 264 3311 iudicio
278 3251 350 3309 dum
365 3258 443 3308 stant
457 3248 562 3306 erroris
576 3253 629 3320 sui,

24 3351 68 3410 Ad
82 3348 296 3426 paenitendum
310 3348 396 3406 rEbus
411 3345 571 3403 manifestis
586 3350 641 3419 agi.

53 3531 94 3583 lV,
106 3542 125 3575 1.
140 3539 249 3573 verrem:
265 3525 334 3584 ‘pigl
578 3521 608 3567 V.
622 3522 727 3566 Scurra:
744 3517 840 3576 ‘jester.'
