2484 4000
458 307 561 370 Liber
580 310 604 371 I
609 309 641 372 V.

163 590 260 644 XIV.
282 590 427 654 (XVII.)
464 589 706 644 Dormientis
724 590 932 645 Hominum.

84 725 165 784 Cum
181 725 219 784 de
234 726 361 783 fortunis
376 725 496 800 quidam
512 731 683 800 quereretur
697 734 765 799 suis,

37 825 183 896 Aesopus
197 823 281 879 finxit
295 821 469 880 consolandi
482 823 591 898 gritiiz

83 921 201 978 Vixita
215 924 306 976 saevis
320 920 401 977 nivis
415 921 649 994 tempestitibuS,

38 1017 129 1074 Inter
143 1020 296 1073 vectorum
310 1016 442 1074 lacrimis
458 1027 487 1074 et
502 1018 603 1075 mortis
618 1027 739 1090 metum,

38 1113 167 1170 Faciem
182 1111 221 1170 ad
236 1117 369 1171 serenam
384 1113 482 1172 subito
497 1124 530 1172 ut
544 1120 671 1173 mittitur
684 1114 757 1187 dies,

38 1210 129 1266 Ferri
143 1209 282 1268 secundis
296 1215 358 1268 trita
373 1211 473 1286 coepit
488 1212 603 1271 flitibus

39 1307 68 1363 N
73 1307 206 1382 imiique
220 1313 324 1366 nautis
338 1307 482 1366 hilariteite
497 1309 645 1367 extollere.
688 1311 689 1315 ’

39 1404 154 1462 Factus
169 1404 285 1479 periclis
299 1414 362 1462 tum
376 1405 554 1480 gubernator
567 1407 696 1480 sophus:

38 1502 157 1558 ‘Parce
170 1501 300 1576 gaudete
315 1512 433 1576 oportet
448 1513 477 1560 et
492 1503 600 1560 sensim
615 1505 717 1578 queri!
726 1537 766 1548 -

37 1598 154 1655 Totam
169 1602 264 1672 aeque
278 1604 367 1656 vitam
382 1600 487 1658 miscet
500 1600 586 1659 dolor
601 1610 631 1658 et
644 1600 794 1676 gaudium.

109 1816 189 1871 XV.
211 1815 338 1881 (XIX.)
375 1816 536 1883 Sermone.
572 1818 822 1872 Misericordia
839 1818 981 1873 Nooiua.
1022 1818 1025 1824 '

84 1951 146 2024 Qui
159 1952 216 2009 fert
231 1952 313 2010 malis
328 1952 475 2024 auxilium,
491 1962 559 2027 post
572 1962 690 2028 tempus
705 1952 794 2012 dolet.

41 2047 122 2106 Geli'r
137 2049 282 2123 rigentem
297 2049 418 2123 quidam
433 2050 585 2108 colubram
601 2051 714 2108 sustulit

40 2145 175 2220 Sinuque
190 2146 278 2218 fovit,
292 2152 396 2204 contri
410 2151 442 2204 se
456 2147 519 2222 ipse
533 2147 717 2220 misericors3

42 2242 185 2318 Namque
199 2252 231 2300 ut
245 2243 355 2302 refecta
369 2254 422 2316 est,
437 2245 537 2301 necuit
551 2243 701 2302 hominem
716 2246 858 2320 protinus.

42 2339 135 2397 Hanc
149 2339 207 2397 alia
220 2358 289 2398 cum
303 2346 418 2416 rogiret
432 2358 551 2399 causam
567 2341 713 2413 facinoris,

42 2436 231 2511 Respondit:
255 2438 321 2496 ‘Ne
338 2437 403 2512 quis
417 2437 512 2496 discat
526 2437 668 2513 prodesse
684 2439 844 2513 improbis!

248 2654 345 2710 XVI.
367 2655 475 2721 (XX.)
519 2655 640 2722 Volpds
658 2658 691 2709 ei
707 2656 839 2712 Draco.

84 2789 205 2864 volpes,
220 2789 317 2848 cubile
332 2789 456 2861 fodiens,
471 2789 541 2848 dum
557 2799 664 2848 terram
679 2791 754 2850 eruit

43 2886 172 2960 Agitque
186 2886 284 2961 plures
298 2886 383 2944 altius
398 2887 559 2958 cuniculos,

46 2983 180 3041 Pervenit
194 2982 234 3041 ad
248 2983 384 3042 draconis
399 2984 568 3058 speluncam
584 2984 728 3056 intimam,

43 3078 240 3138 CustodiEbat
253 3087 304 3155 qui
318 3080 470 3139 thesauros
484 3080 612 3139 abditos.

44 3177 135 3235 Hunc
150 3176 236 3235 simul
250 3177 371 3252 aspirit.
414 3163 505 3249 ‘Oro
520 3188 552 3235 ut
566 3178 782 3253 imprudentiae

44 3273 105 3332 Des
119 3280 247 3348 primum
261 3274 397 3346 veniam3
419 3273 529 3332 deinde
544 3281 567 3332 si
581 3274 703 3350 pulchri
716 3274 807 3346 vidis,

71 3436 137 3490 XIV,
151 3449 173 3493 9.
188 3437 267 3493 parci,
283 3442 332 3489 not,
347 3448 374 3479 as
394 3435 517 3493 regularly,
597 3437 649 3482 XV.
664 3437 757 3481 Nociva
766 3451 776 3480 .·
790 3435 904 3483 'hortiul¹

40 3515 116 3566 parce.
596 3525 617 3568 4.
634 3511 729 3554 necuit:
743 3509 828 3557 *slew.'
