2578 3998
472 280 575 343 Liber
595 282 657 345 III.

46 469 147 542 Vide,
161 475 199 528 ne
214 469 326 528 dolone
340 468 450 526 collum
465 486 664 544 compungam
679 469 752 528 tibi!

49 566 229 641 Respondit
244 566 310 623 illa:
334 565 456 624 ‘VerbIs
471 571 531 622 non
547 583 669 623 moveor
683 572 759 639 tuis3

48 663 119 722 Sed
133 663 220 721 istum
235 663 338 734 timeo,
353 663 424 720 sella
437 669 488 738 qui
501 668 597 737 prima
611 663 718 721 sedens

51 761 165 835 Iugum
181 760 297 834 flagello
313 769 460 834 temperat
474 760 555 817 lento
570 777 669 818 meum

51 859 100 914 Et
114 862 164 915 ora
178 857 268 914 frenis
283 857 416 915 continet
430 857 641 932 spumantibus·

52 954 252 1029 Quapropter
265 954 346 1011 auser
359 954 492 1012 frivolam
506 954 692 1012 insolentiam
703 974 711 1026 ;

53 1051 137 1108 Nam
153 1061 183 1109 et
197 1050 249 1109 ubi
264 1049 430 1108 tricandum
445 1061 475 1108 et
488 1050 539 1110 ubi
554 1051 731 1109 currendum
745 1051 781 1110 sit
796 1051 877 1110 scio)

102 1149 168 1205 Hac
184 1146 315 1205 deridEri
330 1146 554 1206 tabulamentis
569 1158 677 1223 potest,

54 1245 120 1318 Qui
133 1245 196 1303 sine
210 1245 318 1303 virtute
332 1249 422 1303 vanas
437 1255 554 1303 exercet
569 1246 671 1304 minas.

267 1469 330 1524 VI.
351 1469 462 1534 (VII.)
498 1469 623 1534 Lupus
641 1469 690 1522 ad
710 1468 852 1524 Omnem.

100 1605 197 1678 Quam
213 1603 307 1663 dulcis
322 1604 359 1662 sit
373 1602 501 1676 lusionis,
516 1603 643 1662 breviter
656 1604 825 1678 proloquar.

56 1700 135 1759 Cani
147 1707 287 1778 perpasto
303 1702 399 1759 macie
413 1701 566 1759 coniectus
580 1701 665 1776 iupus

58 1798 148 1857 Forte
163 1799 338 1857 occucurrit.
381 1799 460 1856 Dein
474 1798 629 1856 salutatum
643 1798 771 1856 invicem

57 1895 101 1954 Ut
114 1897 300 1954 restiterunt:
324 1895 431 1954 ‘Unde
446 1897 507 1967 sic,’
523 1900 644 1970 quaeso,
658 1896 773 1953 ‘nitesi

58 1993 117 2050 Aut
130 1997 191 2068 quo
205 1993 275 2052 cibo
289 1992 391 2050 fecisti
405 2002 519 2050 tantum
534 1991 688 2066 corporis?

59 2089 133 2165 Ego,
148 2096 200 2164 qui
213 2108 277 2148 sum
292 2089 380 2163 longe
395 2089 505 2160 fortior,
521 2093 612 2164 pereo
628 2088 724 2146 fame!

59 2185 149 2245 Canis
163 2186 354 2261 simpliciter:
377 2186 511 2244 ‘Eadem
527 2195 572 2243 est
585 2184 724 2244 condicio
739 2185 802 2257 tibi,

60 2283 209 2342 Praestare
225 2282 348 2340 domino
363 2288 387 2340 si
401 2287 455 2358 par
469 2282 600 2341 officium
614 2285 719 2358 potes!

61 2379 205 2453 ‘Quodi'
221 2380 315 2454 inquit
329 2379 387 2438 ille.
429 2379 555 2438 ‘Custos
569 2388 601 2437 ut
615 2384 654 2437 sis
668 2379 783 2450 liminis,

60 2461 212 2536 Muribus
227 2477 335 2535 tuearis
350 2485 380 2534 et
394 2481 485 2534 noctu
500 2475 643 2534 domum!

61 2573 142 2649 ‘Ego
154 2579 225 2632 vero
241 2592 305 2632 sum
320 2579 458 2648 paratus3
480 2591 559 2630 nune
573 2573 669 2649 patior
682 2573 765 2631 nives

62 2669 232 2746 Imbresque
246 2671 277 2728 in
291 2670 368 2729 silvis
383 2688 518 2745 asperam
533 2676 623 2728 vitam
638 2669 776 2743 trahens3

63 2766 177 2840 Quanto
193 2776 237 2826 est
252 2767 365 2825 facilius
379 2767 451 2826 mihi
465 2768 519 2826 sub
534 2772 615 2826 tecto
629 2773 736 2840 vivere,

63 2863 100 2921 Et
112 2865 240 2923 otiosum
254 2865 335 2940 largo
349 2864 448 2922 satiari
461 2864 569 2923 ciboi'

63 2960 151 3020 ‘Veni
165 2967 236 3038 ergo
251 2963 389 3020 mccum)
432 2962 511 3018 Dum
527 2959 701 3036 procedunt,
718 2960 823 3036 aspicit
1032 2988 1056 3035 15

65 3055 157 3133 Lupus
172 3065 190 3117 a
203 3063 310 3120 catena
323 3058 433 3116 collum
447 3058 587 3116 dctritum
602 3064 677 3116 cani.

65 3155 161 3214 ‘Unde
177 3155 245 3228 hoe,
260 3157 393 3214 amice?’
436 3155 536 3213 ‘Nihil
551 3158 614 3214 est!
656 3157 751 3227 ‘Dic,'
767 3160 888 3230 quaeso,
900 3159 908 3186 ‘
918 3158 1037 3214 tamen)

90 3334 116 3389 V,
125 3347 145 3393 3.
159 3335 229 3383 vide:
246 3334 302 3380 final
315 3334 368 3379 “e''
383 3333 403 3379 is
418 3333 485 3379 short
499 3335 531 3392 by
609 3349 632 3392 9.
651 3335 801 3382 tricandum:
844 3335 933 3392 ‘ought
966 3341 992 3380 to
1025 3349 1058 3393 go

66 3409 189 3466 exception.
581 3409 677 3466 slowly.'

83 3493 101 3537 3.
114 3489 276 3542 commum:
293 3483 433 3540 ‘punctura'
609 3483 652 3537 Vl,
663 3495 683 3528 a.
694 3483 820 3540 perpasto:
837 3483 965 3530 ‘well-ten’
