2484 4000
435 332 538 395 Liber
556 334 580 395 I
585 333 618 397 V.

10 520 134 578 Invonit
151 519 212 592 ilie,
226 528 328 577 nostra
342 518 472 594 persocit
487 537 600 577 manus.

9 615 69 674 Sed
84 623 292 692 exsequimur
305 625 447 691 coeptum
461 615 604 691 propositi
618 615 764 675 ordinem.

221 836 358 890 XVIII.
380 835 528 901 (XXII.)
564 835 618 888 Do
636 835 825 892 Simonide.

51 993 169 1050 Homo
184 990 290 1049 doctus
304 991 335 1047 in
350 994 381 1048 so
395 1008 513 1065 semper
527 988 641 1048 divitias
656 991 754 1050 habet.

11 1087 202 1160 SimonidoS,
217 1094 268 1162 qui
282 1087 398 1163 scripsit
412 1087 561 1162 Egregium
576 1088 679 1159 melos,

14 1184 84 1257 Quo
100 1192 315 1261 paupertatem
329 1185 485 1242 sustinoret
499 1183 620 1255 facilius

14 1281 203 1341 Circumire
218 1281 320 1356 coepit
333 1281 420 1340 urb'e's
435 1281 521 1338 Asiae
536 1281 660 1353 nobilos,

14 1378 168 1439 Mercode
183 1384 309 1453 accepto
322 1377 440 1436 laudem
454 1382 598 1435 victorum
614 1382 732 1437 canons.
1015 1406 1026 1452 5

16 1475 87 1533 Hoc
103 1494 218 1552 genere
234 1479 373 1550 quaestos
388 1484 545 1550 postquam
560 1475 693 1549 locuplos
709 1475 802 1534 factus
816 1487 869 1548 est,

15 1571 134 1632 Redire
149 1574 181 1631 in
195 1573 320 1648 patriam
333 1572 425 1629 voluit
439 1576 524 1629 curso
539 1572 655 1646 pelagio
666 1593 674 1644 ;

17 1668 90 1728 Erat
106 1681 221 1742 autem,
237 1679 268 1726 ut
282 1669 372 1740 oium,
387 1675 471 1726 notus
486 1669 516 1726 in
530 1669 593 1727 Coa
605 1670 717 1728 insulo:

18 1767 167 1826 Ascendit
181 1772 297 1838 novem,
312 1783 400 1841 quam
417 1771 576 1840 tempestos
591 1765 711 1823 horrida

18 1861 113 1922 Simul
130 1874 161 1923 et
175 1869 304 1922 vetustos
319 1863 419 1921 medio
434 1862 565 1921 dissolvit
581 1869 662 1920 mari.

19 1957 61 2016 Hi
75 1967 179 2034 zonos,
194 1961 235 2018 illi
248 1965 294 2018 ros
309 1961 451 2035 pretiosos
466 1959 625 2034 conligunt,

20 2053 193 2118 Subsidium
207 2064 293 2116 vitae.
336 2056 464 2130 Quidam
480 2057 639 2114 curiosior:

19 2153 204 2227 ‘Simonide,
219 2159 251 2212 tri
267 2172 303 2213 ex
317 2154 423 2228 opibus
437 2154 477 2210 nil
492 2154 581 2211 sirmis
596 2154 689 2210 tuis?'

21 2251 185 2324 ‘Mocum,’
197 2251 301 2326 inquit,
313 2256 321 2283 ⁴
331 2269 398 2308 mea
411 2259 478 2308 sunt
493 2252 618 2308 concta!
660 2251 745 2308 Tunc
760 2256 847 2326 pauci
858 2254 986 2322 {natant

20 2345 99 2419 Quia
116 2349 216 2425 pifiros
229 2366 320 2407 onere
334 2347 485 2422 dogravoti
498 2348 655 2422 perierant.
1001 2374 1010 2404 1
1014 2372 1025 2419 ς

21 2443 194 2506 Praedones
209 2445 324 2515 adsunt,
340 2445 465 2519 rapiunt,
481 2444 562 2519 quod
578 2445 700 2518 quisque
716 2444 828 2517 extulit,

21 2540 131 2603 Nudos
145 2544 320 2618 relinquunt.
364 2542 454 2600 Forte
469 2542 663 2600 Clozomenae
678 2559 772 2617 prope

21 2638 153 2716 Antiqua
167 2639 220 2698 suit
234 2640 311 2711 urbs,
326 2657 416 2714 quam
431 2639 577 2714 petiorunt
591 2640 730 2714 naufragi

23 2734 83 2794 Hic
99 2739 262 2796 litterorum
277 2736 398 2811 quidam
414 2735 511 2794 studio
525 2733 653 2807 deditus,

23 2830 183 2894 Simonidis
198 2840 248 2908 qui
262 2851 350 2908 saepe
365 2838 464 2891 versos
480 2832 590 2907 logerat

24 2928 156 3007 Eratque
171 2931 300 2990 absentis
314 2930 473 2989 admirator
489 2929 640 2999 miximus,

25 3025 167 3088 Sermone
182 3028 220 3086 ab
234 3028 299 3102 ipso
314 3027 465 3102 cognitum
481 3025 672 3100 cupidissimo

25 3125 70 3184 Ad
85 3132 118 3186 s'e‘
133 3125 266 3199 recopit5
287 3134 378 3196 veste,
393 3129 529 3192 nummis
546 3121 654 3180 famili}

27 3221 190 3282 Hominem
206 3222 364 3280 exomovit.
407 3221 507 3280 Coteri
521 3220 650 3278 tabulam
665 3237 747 3278 suam

27 3317 146 3380 Portant
161 3323 298 3394 rogantos
312 3325 433 3376 victum.
476 3317 559 3390 Quos
574 3321 643 3374 cossi
658 3316 760 3375 obvios

28 3415 193 3478 Simonidos
207 3424 239 3473 ut
252 3415 343 3473 vidit:
367 3415 472 3485 ‘Dixi’
488 3414 591 3486 inquit,
608 3418 693 3470 ‘mea

28 3513 146 3575 Mocum
162 3530 227 3572 esse
242 3517 369 3584 concta3
390 3516 443 3571 vos
457 3509 538 3585 quod
553 3510 699 3584 rapuistis,
714 3511 809 3586 perit!
