2484 4000
208 283 253 346 60
524 284 675 348 Phaedri
695 283 895 348 Fcibulcimm

209 472 274 528 Nec
289 469 396 528 cadere
411 470 442 527 in
456 470 536 527 illum
552 469 647 528 credit
661 481 773 528 tantam
788 471 953 530 audiciam.

208 569 300 624 Breve
316 577 432 641 tempus
447 567 620 637 intercessit,
636 577 666 626 et
681 567 776 626 fidens
791 573 880 626 manr‘r

208 651 307 722 Unum
323 669 339 721 ἓ
355 665 496 721 Romanis
511 665 691 738 provocibat
705 663 855 724 barbarus.

207 761 267 819 Sibi
282 761 406 835 quisque
422 761 545 833 metuit;
567 767 653 834 primi
667 767 736 836 quin
752 773 882 820 mussant
897 762 997 822 duces.

206 857 341 915 Tandem
357 857 498 915 cinaedus
513 857 623 927 habitu,
639 856 692 915 sed
707 859 788 916 Mars
802 858 920 930 viribus,

207 953 276 1012 Adit
290 953 445 1011 sedentem
459 959 514 1028 prb
528 955 664 1011 tribunili
679 954 797 1024 ducem,
809 943 811 950 ¹

209 1053 246 1108 Et
260 1056 334 1108 voce
349 1051 447 1109 molli:
471 1051 609 1108 ‘Liceti'
653 1051 811 1111 Enimvero
826 1052 883 1109 eici
947 1033 951 1042 ¹

205 1149 308 1205 Virum
322 1158 355 1205 ut
369 1148 399 1204 in
413 1152 445 1205 re
460 1153 553 1204 atroci
568 1149 693 1222 Magnus
708 1148 895 1206 stomachins
910 1149 1045 1224 imperat.

206 1247 282 1302 Tum
297 1244 417 1319 quidam
433 1245 530 1302 senior
544 1263 580 1301 ex
594 1250 697 1302 amicis
711 1245 870 1319 principis:

207 1344 315 1398 ‘Hunc
331 1361 387 1416 ego
401 1342 548 1399 committi
562 1341 650 1398 satius
667 1341 813 1399 Fortunae
827 1341 961 1413 arbitror,

208 1441 243 1496 In
258 1444 317 1514 quo
332 1439 443 1496 iactura
457 1438 528 1496 levis
543 1447 596 1508 est,
610 1456 700 1512 quam
715 1438 820 1495 sortem
835 1439 938 1510 virum,

207 1536 266 1608 Qui
280 1539 350 1593 cisti
366 1541 457 1592 victus
473 1533 645 1592 temeritatis
661 1538 689 1592 te
704 1536 825 1608 arguat!

207 1631 345 1690 Adsensit
360 1633 485 1706 Magnus
500 1642 530 1688 et
544 1631 675 1706 permisit
689 1632 773 1687 militi

208 1729 326 1786 Prodire
341 1734 464 1800 contr55
485 1734 535 1802 qui
550 1735 674 1786 mirante
689 1728 829 1800 exercitii,

207 1827 296 1884 Dicto
311 1826 433 1883 celerius
448 1825 539 1883 hostis
554 1824 680 1883 abscidit
694 1834 784 1898 caput

205 1925 364 1997 Victorque
379 1921 473 1980 rediit.
517 1923 574 1980 His
589 1931 659 1980 tunc
674 1921 833 1996 Pompeius
847 1939 953 1996 super:

205 2021 350 2091 ‘Corona
367 2020 458 2089 miles,
475 2018 615 2093 equidem
629 2023 659 2076 te
674 2016 755 2076 dono
770 2018 874 2090 libens,

205 2116 296 2190 Quod
309 2115 464 2174 vindicasti
478 2115 595 2173 laudem
611 2117 739 2173 Romini
753 2115 857 2189 imperi
869 2135 876 2184 ;

205 2214 262 2272 Sed
278 2213 474 2272 exstillescant
488 2213 565 2270 oculi
579 2213 639 2283 sic‚’
655 2211 758 2286 inquit,
773 2213 868 2283 ‘mei‚'

203 2313 302 2385 Turpe
317 2310 387 2368 illud
402 2309 518 2367 imitans
533 2309 577 2366 iris
592 2307 747 2366 iurandum
762 2308 869 2378 mssitis,

205 2407 288 2466 ‘Nisi
302 2411 335 2465 tir
349 2406 492 2465 abstulisti
506 2406 635 2464 sarcinis
649 2422 744 2480 nuper
758 2407 857 2464 meis!

342 2639 424 2695 vn.
446 2637 519 2704 (X.)
556 2635 825 2701 Paterfamilias
842 2639 875 2689 et
891 2636 1061 2702 Aesopus.

438 2755 573 2818 Quomodo
584 2755 711 2804 domanda
722 2754 753 2802 sit
765 2753 833 2803 ferox
844 2751 966 2803 iuventus.

243 2889 452 2948 Paterfamilias
466 2906 586 2946 saevum
601 2887 729 2946 habibat
744 2886 851 2945 fnium.

204 2989 264 3045 Hic
279 2991 296 3044 ἓ
310 2990 473 3060 conspectu
487 3003 555 3042 cum
570 2985 660 3059 patris
676 2994 846 3054 recesserat,

202 3083 380 3142 Verberibus
395 3087 492 3140 servos
507 3081 665 3140 adficiEbat
679 3081 810 3156 plirrimis

204 3182 241 3237 Et
256 3180 414 3238 exercibat
429 3177 571 3236 fervidam
586 3177 826 3236 adulescentiam.

202 3280 335 3351 Aesopus
351 3281 421 3350 ergo
435 3281 532 3333 narrat
546 3275 603 3333 hoc
618 3275 746 3333 breviter
759 3279 840 3331 seuit

203 3378 220 3404 ‘⁴
231 3373 358 3448 Quidam
374 3373 497 3448 iuvenci)
512 3371 641 3428 vetulum
656 3370 834 3444 adiungebat
848 3369 966 3429 bovem.

203 3473 232 3532 Is
247 3488 315 3526 eum
329 3469 475 3544 refugiens
489 3469 595 3542 impari
609 3468 685 3524 collo
700 3467 799 3540 iugum
