2484 4000
238 303 280 365 24
550 287 702 351 Phaedri
724 287 922 350 deulcirum

236 473 378 532 Adfectus
393 476 529 551 proprios
544 475 573 532 in
589 475 715 533 fabellas
730 475 875 534 transtulit

236 571 481 646 Calumniamque
498 574 579 630 lictis
593 573 679 630 olosit
693 573 775 630 iocis.

237 671 301 744 Ego
316 675 404 744 porro
420 669 495 727 illius
509 669 615 727 somito
630 670 693 727 ioci
707 671 794 741 viam,

237 768 276 823 Et
290 767 417 842 cogitavi
431 767 516 842 plora
529 785 619 840 quam
634 768 798 842 reliquerat,

237 864 273 920 In
287 863 485 921 calamitotem
501 863 634 938 doligons
648 863 795 937 quaedam
810 882 917 924 meam.

236 961 326 1034 Quod
341 967 365 1018 si
379 966 533 1019 accosotor
548 961 620 1019 alius
635 962 741 1018 Soiano
757 961 843 1034 foret,

236 1059 265 1116 Si
279 1059 361 1116 testis
375 1058 457 1129 alius,
473 1057 563 1116 iodex
578 1059 650 1116 alius
664 1059 802 1132 donique,

237 1156 366 1230 Dignum
382 1155 489 1212 satorer
503 1173 567 1214 esse
583 1161 631 1213 me
647 1162 734 1214 tantis
750 1157 842 1228 malis,

237 1253 302 1310 Nec
320 1252 363 1310 his
377 1251 512 1310 dolorem
527 1253 689 1311 dolenirem
704 1251 853 1312 remediis.

236 1350 408 1424 Suspicione
422 1355 447 1407 si
461 1350 526 1423 quis
540 1351 649 1408 errabit
663 1355 717 1408 suo

237 1447 276 1503 Et
289 1447 383 1520 rapiet
398 1445 436 1504 ad
451 1451 493 1517 so,
509 1447 589 1522 quod
605 1448 660 1505 erit
674 1451 833 1504 commone
848 1445 991 1518 omnium,

236 1545 327 1603 Stulto
342 1542 467 1602 nodobit
481 1545 572 1602 animi
586 1544 809 1602 conscientiam.

238 1641 318 1699 Huic
333 1646 505 1699 excosotum
520 1646 569 1699 mo
583 1641 671 1698 velim
686 1641 777 1698 nihilo
792 1641 907 1712 minus3

237 1739 343 1813 Neque
359 1738 439 1796 enim
453 1744 556 1796 notite
572 1738 700 1812 singulos
715 1742 799 1796 mons
815 1747 860 1796 est
874 1737 955 1808 mihi,

235 1836 346 1892 Vorum
361 1835 455 1910 ipsam
469 1841 557 1892 vitam
573 1845 603 1893 et
617 1839 715 1893 moros
730 1835 883 1892 hominum
898 1832 1066 1892 ostendere.

277 1934 354 1990 Rem
369 1937 417 1989 mo
432 1933 597 2007 professum
613 1931 693 1990 dicet
708 1931 770 1989 iors
784 1931 889 2007 aliquis
904 1949 1032 2007 gravem.

236 2029 265 2088 Si
280 2030 376 2104 Phryx
389 2033 524 2104 Aesopus
539 2030 643 2104 potuit,
659 2035 684 2086 si
697 2029 888 2087 Anarcharsis
903 2029 1012 2104 Scytha

236 2128 396 2184 Aeternam
412 2127 525 2184 famam
540 2127 670 2185 condere
687 2126 805 2201 ingenio
821 2131 883 2196 suo,

237 2225 312 2299 Ego,
327 2224 472 2281 litteratae
487 2230 538 2299 qui
552 2243 615 2281 sum
631 2224 753 2299 propior
767 2224 921 2294 Graeciae,

236 2321 298 2379 Cor
312 2326 417 2378 somno
432 2321 517 2379 inerti
532 2322 667 2380 doseram
682 2321 795 2396 patriae
810 2319 923 2378 decus?

235 2418 372 2476 Threissa
386 2436 455 2474 cum
470 2423 542 2494 gons
556 2428 692 2476 numeret
706 2422 842 2475 auctores
858 2423 935 2488 suoS,

237 2515 370 2590 Linoque
385 2515 492 2589 Apollo
507 2516 544 2573 sit
558 2520 675 2589 parons,
691 2516 779 2572 Mosa
793 2514 926 2589 Orpheo,

236 2613 296 2686 Qui
310 2630 379 2670 saxa
393 2617 482 2670 canto
497 2613 590 2670 movit
604 2623 634 2670 et
649 2611 765 2670 domuit
780 2612 855 2669 ieras

236 2709 391 2783 Hebrique
405 2709 499 2767 tenuit
513 2710 641 2784 impetos
656 2709 736 2767 dulci
750 2714 842 2766 moro.

236 2807 315 2881 Ergo
330 2807 399 2863 hinc
414 2808 517 2865 abesto
531 2807 613 2877 livor,
627 2811 666 2864 no
681 2807 788 2864 frostro
800 2811 911 2881 gemoS,

236 2903 385 2977 Quoniam
401 2903 549 2962 sollemnis
564 2903 636 2960 mihi
650 2903 777 2963 dohotur
790 2902 891 2978 gloria.

277 3000 384 3058 Indoxi
398 3005 429 3058 to
443 3000 481 3059 ad
496 3001 674 3076 legendum;
697 3001 842 3057 sincorum
857 2998 929 3056 mihi

236 3097 375 3157 Candore
389 3102 463 3155 noto
478 3097 586 3155 reddas
601 3097 742 3156 iodicium
757 3102 838 3170 peto.
