2484 4000
465 314 568 410 ijer
586 315 610 376 I
616 314 649 378 V.

192 613 254 667 VI.
290 613 420 677 Priona
439 611 603 664 Martum
619 612 651 662 et
669 609 918 664 Mustelrirum.

97 731 173 789 Cum
186 736 257 787 victi
270 734 367 787 mures
383 729 570 786 mustelarum
586 727 714 784 exercit‘

47 827 237 884 -Historia
251 831 377 900 quorum
393 835 422 882 et
437 825 466 881 in
482 825 609 882 tabernis
625 824 801 898 pingitur-

50 924 203 997 Fugerent
218 933 247 980 et
261 927 341 980 artos
355 922 466 979 circum
482 921 662 996 trepidarent
676 925 773 992 cavos

49 1021 150 1094 Aegre
164 1025 276 1093 recepti
290 1028 389 1076 tamen
404 1023 558 1076 {vaserunt
571 1035 685 1074 necem.

50 1117 155 1174 Duces
169 1122 282 1188 eorum,
297 1123 348 1190 qui
362 1115 507 1190 capitibus
522 1132 633 1172 cornua

49 1213 117 1271 Suis
133 1213 265 1288 ligarant,
279 1223 312 1270 ut
326 1213 521 1288 conspicuum
536 1212 565 1268 in
580 1212 694 1285 proelio

50 1310 210 1368 Haberent
225 1317 348 1384 signum,
364 1309 445 1383 quod
460 1318 651 1383 sequerentur
665 1309 779 1379 milites,

50 1407 188 1464 Haesere
203 1407 234 1463 in
247 1413 339 1481 portis
353 1416 480 1480 suntque
495 1411 575 1479 capti
588 1406 626 1463 ab
640 1405 793 1478 hostibus3

50 1504 136 1576 Quos
151 1504 319 1562 immolatos
333 1510 426 1561 victor
439 1501 530 1560 avidis
545 1501 683 1561 dentibus

50 1600 180 1674 Capacis
194 1601 251 1657 alvi
266 1601 366 1657 mersit
381 1605 508 1658 tartareo
522 1605 623 1674 specii.

93 1697 321 1771 Quemcumque
336 1697 478 1770 populum
494 1697 581 1754 tristis
597 1701 721 1754 eventus
735 1695 852 1770 premit,

51 1795 236 1852 Periclitatur
250 1793 422 1868 magnitudo
436 1793 601 1867 principum
612 1814 621 1866 3

51 1891 170 1949 Minuta
183 1890 287 1966 plebes
301 1891 378 1948 facili
391 1889 540 1965 praesidio
554 1891 634 1948 latet.

393 2123 475 2177 VH.
510 2123 708 2177 Phaedrus.

91 2259 148 2329 Tu,
163 2264 223 2332 qui,
237 2262 349 2328 nasute,
364 2263 473 2331 scripta
486 2256 641 2332 destringis
656 2277 723 2315 mea

52 2356 92 2412 Et
106 2355 164 2412 hoc
179 2355 313 2413 iocorum
327 2354 425 2429 legere
441 2353 551 2411 fastidis
565 2371 668 2429 genus

51 2454 145 2510 Parva
158 2451 288 2511 libellum
302 2451 412 2510 sustine
426 2451 578 2526 patientia,

51 2549 242 2607 Severitatem
257 2549 359 2606 frontis
374 2548 446 2607 dum
461 2548 547 2622 placo
562 2558 629 2606 tuae

53 2647 90 2704 Et
104 2645 135 2703 in
149 2645 298 2704 cothurnis
312 2645 412 2721 prodit
426 2647 561 2720 Aesopus
575 2651 666 2704 novis.

91 2744 215 2802 Utinam
228 2760 286 2801 nec
299 2760 441 2818 umquam
455 2743 529 2801 Pelii
542 2743 671 2801 nemoris
686 2743 753 2817 iugo

54 2841 139 2898 Pinus
153 2840 276 2914 bipenni
289 2839 469 2898 concidisset
480 2839 622 2897 Thessala
635 2843 640 2897 t

53 2937 117 2994 Nec
132 2937 171 2995 ad
186 2938 335 3011 professae
350 2937 451 2995 mortis
466 2937 609 2994 audacem
623 2938 701 2994 viam

53 3034 236 3092 Fabricasset
249 3036 343 3108 Argus
358 3052 447 3108 opere
463 3032 594 3091 Palladio
608 3042 711 3104 ratem,

53 3130 240 3204 Inhospitalis
253 3137 348 3205 prima
362 3148 439 3205 quae
454 3136 538 3204 ponti
553 3129 631 3188 sinis

53 3228 199 3285 Patefecit
213 3227 244 3283 in
257 3227 419 3300 perniciem
435 3228 557 3286 Graium
573 3237 602 3284 et
616 3227 772 3285 barbarum
786 3230 792 3284 t

53 3322 189 3398 Namque
203 3332 234 3380 et
248 3324 365 3398 superbi
379 3325 459 3399 luget
473 3326 584 3381 Aeetae
600 3322 715 3395 domus,

338 3511 399 3574 VII,¹
412 3523 432 3557 r.
448 3512 547 3557 nasute:
569 3510 687 3556 'scornful
697 3512 762 3558 one!
