2484 4000
233 321 274 386 54
545 308 698 372 Phaedri
718 308 917 371 Fcibulcirum

230 495 272 552 Ut
287 500 486 568 spectotorum
502 501 565 552 mos
580 505 634 566 est,
650 495 681 553 id
694 495 826 570 lepidum
840 514 931 572 genus

232 590 409 648 Dosiderore
424 593 533 666 coepit,
549 593 630 650 coins
646 593 761 651 dotibus

230 689 349 746 Solobat
364 689 484 746 excitori
498 689 628 748 saltantis
642 689 734 764 vigor.

272 786 342 842 Erat
357 786 484 842 sactoms
499 785 584 844 lodos
598 786 719 860 quidam
733 787 849 845 nobilis.

230 883 272 942 Ut
287 882 448 957 iucipiobat
462 882 576 958 ingredi
591 885 741 958 Princeps,
757 901 825 940 eum

230 978 361 1038 Addocit
375 981 471 1054 pretio
485 981 632 1055 precibus,
647 990 680 1038 ut
694 990 807 1038 tantum
822 980 914 1038 modo

231 1077 302 1150 Ipso
316 1075 453 1134 lodorum
469 1076 639 1135 ostenderet
653 1081 717 1135 soso
733 1077 792 1149 dio,

230 1173 289 1246 Qui
303 1173 389 1230 simul
403 1173 532 1246 advonit‚
547 1179 645 1232 romor
660 1173 698 1232 do
713 1175 831 1232 tibicine

231 1270 341 1327 Fremit
355 1270 385 1328 in
400 1270 524 1328 theotro.
568 1270 697 1344 Quidam
712 1271 873 1329 adfirmant
887 1280 1045 1344 mortuum,

230 1366 360 1440 Quidam
376 1367 404 1424 in
421 1372 613 1441 conspectum
629 1367 813 1441 proditorum
828 1368 890 1426 sine
905 1373 996 1426 moro.

229 1463 341 1521 Aulaeo
356 1469 455 1534 misso,
470 1463 615 1522 dovolotis
631 1465 785 1523 tonitribus

230 1562 270 1617 Di
284 1571 350 1618 sunt
364 1562 454 1618 locoti
468 1566 551 1618 more
566 1561 751 1619 tronsloticio.

228 1658 314 1715 Tunc
328 1658 435 1715 chorus
449 1663 583 1732 ignotum
597 1657 688 1715 modo
703 1657 827 1716 reducto
843 1659 990 1716 canticum

229 1739 373 1826 lnsonuit,
388 1755 471 1811 citius
486 1754 559 1811 haec
575 1754 628 1811 fuit
642 1755 804 1812 sententia:

230 1852 380 1922 ‘Laetore,
395 1852 550 1909 incolumis
565 1852 671 1924 Roma,
687 1852 766 1910 salvo
781 1852 918 1926 Principe
931 1853 956 1909 1¹

229 1950 265 2007 In
279 1949 397 2023 plausos
411 1953 631 2006 consurrectum
647 1959 700 2006 est.
743 1949 839 2006 Iactat
854 1948 935 2006 bosia

227 2046 352 2103 Tibicen
362 2067 371 2118 3
382 2046 529 2128 *grotulori
543 2046 670 2103 fautoros
685 2055 779 2120 putat.

229 2144 375 2217 Equester
389 2142 464 2200 ordo
478 2143 597 2200 stultum
613 2147 741 2200 errorem
756 2143 899 2218 intellegit

229 2241 399 2314 Mognoque
415 2244 472 2296 riso
487 2239 635 2296 canticum
650 2245 744 2313 repeti
757 2239 848 2297 iubet.

228 2337 354 2394 Iterotur
367 2334 448 2393 illud.
491 2337 594 2392 Homo
609 2353 692 2393 meus
707 2340 737 2392 so
752 2335 782 2392 in
796 2335 911 2411 pulpito

227 2434 336 2491 Totum
351 2433 520 2507 prosternit.
562 2431 678 2489 Plaudit
692 2433 827 2491 inlodons
842 2449 943 2506 eques.

228 2531 346 2606 Rogore
362 2529 488 2603 populus
504 2529 583 2586 hunc
597 2534 737 2586 coronam
753 2529 907 2588 existimat.

226 2629 269 2686 Ut
282 2631 353 2684 voro
368 2632 468 2684 cuneis
482 2626 578 2684 notuit
592 2630 637 2683 ros
653 2627 797 2698 omnibus,

228 2726 377 2797 Princeps,
393 2723 481 2797 ligoto
496 2727 580 2780 crore
595 2723 680 2779 niveo
695 2723 792 2795 fascio,

227 2821 388 2894 Niveisque
403 2819 516 2889 tunicis,
531 2819 622 2876 niveis
637 2820 726 2877 etiam
741 2819 857 2890 calceis,

226 2917 404 2992 Superbiens
419 2917 531 2974 honore
545 2916 660 2974 dIvinae
676 2915 791 2988 domos,

226 3015 272 3072 Ab
287 3015 426 3071 oniversis
442 3013 540 3088 capite
555 3023 599 3070 est
614 3019 764 3088 protrusus
778 3014 864 3071 soros.

257 3206 290 3249 13.
306 3193 422 3249 lepidum:
440 3191 590 3248 ‘charming.'
781 3205 816 3248 29.
825 3190 950 3249 fautoris:
964 3187 1137 3246 ‘applaudere'

255 3280 290 3322 24.
306 3266 455 3309 translaticio
463 3281 471 3308 .·
486 3265 649 3310 ‘traditionaL'
780 3279 816 3322 32.
833 3265 906 3316 homo,
917 3262 946 3308 cl.
958 3262 1093 3318 1v,21‚27.
1112 3315 1115 3320 ,

254 3341 290 3385 28.
306 3340 389 3384 bosia:
403 3339 510 3383 ‘luisses'
