2578 3998
446 272 549 335 Liber
569 274 613 336 ΙΙ.

40 461 107 518 Erat
119 459 266 532 destricta,
281 460 363 518 cirris
378 459 625 535 dependentibus,

40 558 254 616 Perambulante
269 558 347 614 laeta
361 556 485 615 domini)
499 556 612 628 viridia,

38 655 153 713 Alveolb
167 655 268 730 coepit
281 655 378 730 lignei>
393 659 591 730 cbnspergere

40 753 166 810 Humum
180 761 375 823 aestuantem,
390 756 476 811 cbme
491 751 622 810 officium
637 752 791 826 iactitans3

39 847 93 906 Sed
106 848 264 908 diridetur.
308 848 383 906 Inde
397 853 473 906 nbtis
488 848 611 907 flexibus

41 946 195 1003 Praecurrit
208 946 298 1002 alium
313 945 344 1002 in
358 955 483 1020 xystum,
498 945 604 1004 sedans
618 947 778 1020 pulverem.

39 1029 173 1116 {lgndscit
187 1042 339 1100 hominem
355 1042 464 1101 Caesar
478 1060 600 1117 remque
615 1042 765 1118 intellegit

40 1140 67 1195 ls
79 1149 109 1197 ut
121 1139 233 1214 putavit
249 1157 313 1196 esse
328 1139 429 1197 nescio
444 1137 516 1214 quid
531 1139 619 1198 boni:

40 1237 134 1294 ‘Heus
147 1237 172 1294 l’
187 1235 283 1311 inquit
297 1235 443 1294 dominus.
487 1236 539 1293 llle
555 1236 705 1294 enimverb
721 1237 828 1309 adsilit,

41 1333 208 1391 Dbnatibnis
222 1333 319 1390 alacer
333 1342 432 1390 certae
446 1332 564 1408 gaudiia.

39 1430 108 1487 Tum
122 1436 163 1488 sic
179 1430 277 1489 iocata
291 1440 336 1488 est
351 1439 432 1487 tanta
446 1430 583 1488 maiestas
597 1430 699 1488 ducis:

40 1525 121 1584 ‘an
135 1527 261 1585 multum
275 1527 359 1601 egisti
374 1536 404 1584 et
418 1544 509 1601 opera
522 1531 701 1602 nequiquam
715 1527 811 1602 perit3

40 1623 129 1682 Multi>
142 1623 263 1682 maibris
277 1623 380 1698 alapae
395 1628 512 1682 mecum
528 1625 676 1682 veneunt!

313 1849 376 1905 vl.
411 1849 539 1915 Aquita
556 1852 588 1902 et
607 1848 753 1903 Carmina.

75 1967 185 2027 Contra
198 1971 337 2043 potentes
351 1971 441 2025 nemi)
456 1977 501 2025 est
515 1971 642 2024 munitus
658 1968 745 2040 satis;

39 2063 145 2124 Siverb
159 2064 285 2122 accessit
299 2063 468 2122 cbnsiliator
482 2064 640 2134 maleficus,

39 2160 84 2219 Vis
98 2172 128 2220 et
141 2161 273 2236 nequitia
287 2159 429 2236 quicquid
442 2166 625 2236 oppugnant,
639 2161 705 2218 ruit.

74 2258 179 2333 Aquila
191 2259 223 2316 in
237 2257 361 2317 sublime
375 2258 489 2316 sustulit
503 2257 692 2316 testudinem.

40 2353 118 2427 Quae
132 2373 202 2412 cum
215 2353 378 2414 abdidisset
392 2360 503 2413 cornea
516 2372 623 2428 corpus
638 2354 730 2412 domi)

40 2450 100 2509 Nec
113 2452 174 2510 ulli)
189 2457 278 2526 pacti)
293 2450 371 2510 laedi
384 2460 485 2526 posset
500 2451 630 2522 condita,

39 2546 122 2606 Venit
135 2566 190 2624 per
202 2554 287 2606 auras
301 2555 404 2606 cornix
418 2557 447 2606 et
461 2557 582 2623 propter
595 2548 714 2605 volans:

40 2644 192 2720 ‘Opimam
208 2650 277 2704 sane
289 2644 430 2720 praedam
446 2644 566 2719 rapuisti
580 2644 744 2718 unguibus,

40 2739 92 2799 Sed
106 2743 162 2802 nisi
177 2747 340 2801 mbnstrarb
354 2740 425 2817 quid
440 2742 477 2800 sit
492 2741 660 2800 faciendum
675 2740 738 2812 tibi,

40 2837 122 2896 Gravi
136 2844 315 2915 nequiquam
330 2844 360 2897 te
374 2839 493 2897 lassabit
507 2837 659 2913 pondere!
1010 2865 1036 2894 10

41 2932 179 2994 Prbmissa
194 2945 277 3012 parte
293 2935 407 3008 suadet,
421 2946 454 2993 ut
468 2935 622 3010 scopulum
637 2952 726 3009 super

67 3117 100 3163 13.
113 3107 203 3152 cirris:
217 3105 319 3164 'iringa’
590 3119 625 3150 ao.
639 3105 721 3159 niscia,
728 3111 811 3157 notas
821 3104 945 3162 regularly,
952 3105 1035 3151 siscia.

67 3191 99 3236 14
113 3181 222 3226 viridia:
238 3179 398 3237 ‘shrubbery.'
590 3190 625 3236 25.
640 3179 738 3236 alapae:
755 3178 855 3223 ‘blows'
866 3178 894 3222 oi
905 3180 1035 3223 manumis·
1082 3165 1085 3172 ⁴

67 3255 99 3299 16.
113 3257 190 3301 came:
207 3253 366 3311 'officiously.'
560 3252 621 3298 sion.

67 3329 99 3373 16.
114 3329 239 3375 iactitaas:
255 3326 411 3385 ‘profferinm
589 3326 632 3372 v1.
651 3327 756 3371 Camia:
771 3328 799 3370 'a
809 3328 885 3371 crow.'

68 3412 100 3457 17.
108 3401 229 3459 flexibus:
246 3401 387 3459 ‘by-patha·
587 3415 609 3457 7.
619 3405 734 3460 propter:
750 3402 821 3446 'near
832 3400 876 3460 by.'

69 3477 100 3520 18.
114 3481 219 3533 xystum:
235 3476 354 3534 ‘portica'
