2484 4000
181 346 224 406 40
496 333 647 396 Phaedri
667 334 865 397 deuldrum

182 517 220 572 Et
235 521 324 592 regna
339 519 436 576 Peliae
450 520 560 576 scelere
576 519 704 578 Medeae
719 520 825 592 iacent,

181 612 265 685 Quae
280 631 399 672 saevum
414 615 563 690 ingenium
577 617 663 674 variis
677 617 828 675 involv'e'ns
844 617 940 677 modis

181 710 244 767 Illic
259 727 312 783 per
326 717 404 769 artus
420 712 512 770 fratris
528 713 667 787 explicuit
681 715 790 788 sugam,

181 808 241 864 Hic
255 807 348 866 caede
363 809 454 883 patris
469 809 621 868 Piliadum
636 810 743 868 infecit
758 830 872 870 manus.

220 903 301 977 Quid
316 905 369 964 tibi
383 905 519 964 videtur?
568 908 658 964 ‘Hoc
671 926 790 983 quoque
804 909 945 968 insulsum
960 910 1024 982 est,'
1039 909 1090 981 ais,

179 1001 343 1076 ‘Falsoque
358 1002 471 1061 dietum
482 1024 491 1076 3
513 1004 600 1079 longe
614 1005 683 1078 quia
696 1006 837 1064 vetustior

178 1101 297 1174 Aegaea
312 1101 410 1158 Minos
424 1102 516 1159 classe
531 1100 700 1175 perdomuit
716 1103 789 1160 freta

180 1198 322 1272 Iustoque
338 1197 497 1256 vindicavit
512 1199 649 1273 exemplo
664 1199 828 1274 impetum!

180 1293 259 1366 Quid
275 1299 345 1369 ergo
359 1313 480 1369 possum
495 1295 592 1353 facere
607 1295 670 1368 tibi,
685 1296 778 1354 lector
792 1297 879 1356 Cato.

178 1392 208 1448 Si
221 1408 278 1448 nec
293 1391 421 1450 fabellae
436 1397 466 1450 t‘e'
480 1392 579 1450 iuvant
593 1411 650 1450 nec
665 1393 785 1453 fabulae
799 1397 805 1450 l

180 1487 250 1544 Noli
264 1488 403 1546 molestus
419 1507 482 1547 esse
497 1495 618 1548 omnino
633 1491 744 1562 litterIS,

179 1584 325 1642 Mdidrem
340 1585 498 1644 exhibeant
512 1591 550 1643 ne
565 1587 618 1645 tibi
632 1587 807 1644 molestiam.

219 1682 289 1739 Hoc
304 1681 357 1739 illis
372 1681 485 1740 dictum
501 1693 554 1754 est,
569 1689 620 1757 qui
634 1683 756 1741 stultitia
770 1693 913 1742 nauseant

179 1778 227 1849 Et,
241 1787 274 1835 ut
287 1787 427 1853 putentur
439 1797 553 1854 sapere,
569 1780 683 1838 caelum
697 1781 872 1855 vituperant.

291 1995 393 2050 VIII.
430 1995 579 2061 Serpens
596 1995 645 2049 ad
661 1995 820 2049 Fabrum
838 1995 1059 2052 Fmdrlum.

218 2129 437 2188 Mordaciorem
452 2136 503 2204 qui
517 2131 654 2205 improbo
668 2129 759 2188 dente
773 2131 896 2205 appetit,

178 2227 248 2283 Hoc
263 2231 435 2301 argumento
451 2232 482 2284 se
496 2226 623 2286 describi
637 2227 753 2286 sentiat.

217 2324 253 2380 In
264 2323 413 2381 officinam
428 2323 501 2382 labri
514 2324 593 2382 venit
607 2331 716 2398 vipera.

178 2420 264 2477 Haec
278 2438 347 2477 cum
362 2426 529 2495 temptaret,
545 2427 569 2478 si
582 2439 640 2496 qua
655 2426 700 2478 res
715 2429 792 2478 esset
805 2421 884 2492 cibo,

177 2517 291 2574 Limam
306 2517 477 2575 momordit.
520 2518 574 2574 Illa
588 2523 691 2576 contra
705 2523 881 2575 contumax:

177 2613 275 2686 ‘Quid
291 2615 358 2685 m6,’
373 2615 476 2688 inquit,
489 2615 604 2686 ‘stulta
618 2614 709 2672 dente
724 2620 827 2689 captas
841 2612 968 2686 laedere,

177 2710 275 2770 Omne
289 2709 408 2768 adsuevi
422 2712 531 2768 serrum
546 2729 622 2785 quae
637 2711 794 2770 corrodere
803 2713 832 2769 ?'

463 2925 528 2980 IX.
571 2925 691 2992 Volpde
709 2928 741 2978 et
760 2925 887 2991 caper.

217 3062 321 3118 Homo
335 3061 366 3116 in
382 3060 524 3134 periclum
539 3060 624 3117 simul
639 3079 674 3117 ac
687 3061 768 3118 venit
783 3061 914 3132 calliduS,

176 3159 318 3232 Reperire
334 3157 471 3231 effugium
486 3158 601 3231 quaerit
615 3158 732 3215 alterius
747 3158 833 3215 malo.

216 3255 293 3313 Cum
309 3253 469 3312 decidisset
483 3255 585 3328 volpes
600 3255 629 3311 in
644 3264 766 3329 puteum
780 3255 872 3312 inscia

177 3354 215 3409 Et
230 3352 331 3410 altiore
346 3351 532 3410 clauderetur
546 3353 685 3426 margine,

206 3543 240 3588 17.
255 3531 386 3576 insulsum:
402 3529 481 3588 ‘sillyl
730 3531 833 3589 VlII‚5
851 3531 951 3576 samam:
967 3529 1056 3575 ‘afile'
