2484 4000
467 314 570 376 Liber
599 316 631 378 V.

396 608 497 662 VIII.
536 609 697 674 Tempus.

85 737 180 794 Cursr'r
194 735 312 806 volucri,
328 735 463 809 pendens
478 737 509 793 in
523 738 675 810 novecule,

34 832 162 904 CalvuS,
177 838 299 891 cornese
314 833 419 902 flente,
434 833 516 890 mide
530 835 680 908 occipitie,

33 931 192 1004 -Quem
207 936 231 987 si
245 931 407 1004 occuperis,
423 936 542 1002 tenees;
566 931 699 1005 elapsum
714 935 806 991 semel

35 1029 115 1084 Nen
129 1028 193 1102 ipse
209 1027 303 1101 possit
318 1027 452 1101 Iuppiter
466 1028 694 1101 reprehendere,
704 1063 744 1072 -

34 1125 243 1183 Occesienem
258 1128 355 1181 rerum
370 1124 513 1198 significat
528 1124 656 1182 brevem.

84 1221 215 1278 Effectes
230 1220 388 1294 impediret
402 1225 440 1278 ne
455 1222 551 1294 segnis
566 1240 657 1293 mora,

35 1319 170 1375 Finxere
185 1323 297 1391 antiqui
312 1317 401 1375 telem
416 1317 544 1392 effigiem
558 1320 724 1394 Temporis.

315 1517 380 1570 IX.
419 1519 559 1572 Taurus
577 1523 609 1571 et
633 1519 781 1574 Vitulus.

79 1654 216 1726 Anguste
231 1651 261 1708 in
276 1650 358 1708 adite
373 1662 470 1709 taurus
485 1653 599 1710 hictens
614 1654 752 1712 cornibus

34 1750 118 1808 Cum
133 1749 182 1805 vix
196 1749 302 1805 intrere
318 1759 419 1822 posset
433 1749 471 1806 ad
486 1751 666 1824 praesaepia,

35 1845 227 1903 Menstrebat
241 1845 346 1902 vitulus
360 1851 420 1919 que
436 1851 467 1904 se
481 1852 571 1920 pacte
586 1847 727 1906 flecteret.

33 1943 159 2013 ‘Tace’
175 1943 278 2016 inquit,
295 1946 380 2000 ‘ante
396 1943 453 2000 hec
468 1949 544 2015 nevi,
560 1962 648 2017 quam
665 1950 696 2002 tri
710 1951 795 2003 netus
811 1948 860 2004 es!

78 2039 141 2112 Qui
155 2037 319 2096 doctierem
335 2038 484 2112 emendat,
500 2040 555 2098 sibi
570 2040 629 2098 dici
643 2052 734 2116 putet.

259 2239 304 2291 X.
342 2237 450 2292 Oanis
468 2242 501 2292 et
518 2239 585 2292 Sues
603 2243 635 2291 et
659 2240 822 2296 Venator.

76 2371 228 2431 Adversus
242 2378 345 2431 omnes
360 2374 441 2432 fortis
455 2374 573 2432 veleces
588 2374 663 2432 feres

33 2469 130 2527 Canis
144 2488 213 2526 cum
227 2468 350 2528 domine
365 2488 483 2545 semper
497 2471 619 2529 fecisset
633 2472 712 2544 satiS,

34 2566 193 2640 Languere
207 2567 307 2640 coepit
322 2573 404 2624 annis
419 2567 645 2642 ingravantibus.

32 2663 206 2738 Aliquande
221 2664 356 2722 obiectus
371 2664 479 2738 hispidi
493 2669 609 2740 pegnae
624 2666 682 2724 suis

34 2759 175 2834 Adripuit
189 2778 287 2817 aurem
299 2781 308 2832 ;
330 2760 382 2818 sed
398 2761 517 2818 cariesis
531 2761 670 2820 dentibus

35 2855 182 2914 Praedam
197 2856 315 2914 dimisit.
358 2859 418 2915 Hic
434 2866 504 2915 tunc
518 2863 641 2917 venetur
655 2858 760 2918 dolens

33 2952 151 3010 Canem
166 2953 348 3034 obidrgebat.
392 2954 448 3012 Cui
463 2972 554 3012 senex
567 2961 671 3013 contre
686 2957 804 3014 Lacenr

33 3049 127 3107 ‘Nen
142 3054 171 3107 te
186 3049 319 3108 destituit
334 3051 456 3122 animus,
472 3050 524 3109 sed
539 3057 613 3110 vires
629 3071 723 3111 meae.

33 3143 127 3216 Quod
142 3145 258 3218 suimus,
273 3146 368 3219 laude,
383 3153 407 3205 si
421 3148 479 3204 iam
494 3147 626 3220 damnes,
641 3149 723 3224 quod
737 3153 856 3208 sumus'

75 3243 147 3300 Hec
162 3248 224 3316 crit,
240 3243 362 3314 Philete,
372 3245 552 3319 scripserim,
568 3246 690 3320 pulchre
704 3247 795 3305 vides.

61 3438 134 3493 VIII,
146 3451 165 3485 1.
180 3439 314 3484 novacula:
328 3441 410 3484 ‘razor
420 3440 495 3497 edge.'
590 3442 619 3495 X,
629 3456 650 3497 4.
665 3443 753 3499 harpiae
761 3458 769 3486 .·
784 3442 891 3500 ‘bristly.'

63 3513 106 3566 IX,
119 3513 226 3558 Vitulus:
240 3515 268 3558 ‘a
278 3513 337 3558 eali'
589 3527 610 3572 5.
626 3516 724 3560 cariesis
733 3531 742 3558 .·
757 3516 890 3573 ‘decayed'
