2484 4000
431 287 533 350 Liber
553 290 616 351 III.

16 479 42 534 F
44 482 161 534 6rtasse
176 476 276 534 dices:
300 476 440 550 ‘Aliquae
454 477 573 534 venient
587 477 690 548 siriae,

15 573 110 647 Quae
125 577 174 631 me
189 573 285 630 soluti>
300 582 421 647 pectore
435 572 474 631 ad
489 572 618 631 studium
632 577 758 633 vocent!

15 673 170 746 Legesne,
185 674 305 745 quaesi),
320 670 418 744 potius
432 670 502 728 viles
516 671 627 742 nimie,
643 725 646 730 .

16 767 186 842 Impendis
201 771 302 824 curam
316 785 406 841 quam
421 774 463 824 rei
477 767 669 840 domesticae,

14 864 147 922 Reddas
161 869 261 922 amicis
276 874 420 939 tempora,
435 870 518 922 uxiui
531 870 629 937 vacis,

13 963 164 1020 Animum
179 961 299 1032 relaxES,
316 961 407 1019 citium
423 961 477 1020 des
492 970 618 1037 corpori,

15 1061 60 1118 Ut
77 1057 234 1116 adsuetam
251 1058 352 1116 fortius
368 1063 498 1132 praestes
512 1059 631 1118 vicem?

15 1155 204 1214 Mutandum
219 1155 272 1213 tibi
287 1156 471 1230 prbpositum
486 1166 531 1214 est
546 1167 575 1214 et
590 1164 665 1216 vitae
680 1174 781 1233 genus,

16 1255 138 1311 Intrare
153 1259 177 1310 si
192 1253 343 1310 Musarum
358 1253 447 1310 limen
461 1254 582 1329 cbgitaiS.

15 1351 99 1426 Eg0,
114 1366 205 1424 quem
220 1349 316 1407 Pierii>
332 1354 425 1407 miter
439 1354 525 1407 enixa
539 1361 584 1409 est
598 1352 676 1426 iugi),

15 1449 54 1506 In
70 1451 135 1522 qui>
150 1452 263 1504 tonanti
277 1452 380 1504 sancta
395 1449 590 1522 Mnemosyne
606 1450 671 1506 Iovi

15 1543 167 1603 Fecunda
180 1543 282 1603 novies
296 1543 401 1601 artium
416 1544 534 1619 peperit
547 1545 680 1616 chorum,

15 1642 166 1715 Quamvis
180 1640 211 1698 in
226 1641 289 1716 ipsi
303 1659 398 1715 paene
413 1646 497 1699 natus
511 1643 566 1699 sim
581 1642 682 1700 schola

15 1739 192 1812 Curamque
207 1737 337 1795 habendi
352 1738 469 1812 penitus
483 1738 575 1796 corde
590 1739 728 1796 {riserim

16 1837 59 1894 Et
74 1835 166 1893 laude
180 1835 291 1892 invicta
303 1840 393 1892 vitam
408 1835 439 1892 in
452 1835 528 1892 hauc
544 1835 736 1907 incubuerim,

16 1932 188 1992 Fastidibse
203 1941 303 1989 tamen
317 1932 348 1989 in
362 1942 481 1989 coetum
496 1934 632 2007 recipior.

15 2029 103 2104 Quid
118 2028 216 2087 credis
230 2029 271 2086 illi
284 2027 430 2100 accidere,
444 2036 496 2103 qui
510 2036 629 2104 magnas
644 2034 716 2104 opes

16 2129 209 2202 Exaggerire
224 2125 338 2201 quaerit
352 2131 433 2184 omni
447 2126 552 2200 vigilii,

16 2225 124 2283 Docti)
138 2222 231 2282 labdri
245 2221 331 2280 dulce
346 2227 531 2297 praepdnins
546 2224 681 2281 lucrum?

15 2321 79 2380 Sed
95 2321 154 2377 iam
170 2318 380 2395 quodcumque
395 2319 490 2391 fuerit,
504 2329 536 2377 ut
551 2319 624 2378 dixit
638 2321 738 2392 Sinbn,

15 2418 66 2477 Ad
82 2422 185 2492 regem
199 2435 267 2475 cum
283 2415 451 2475 Dardaniae
466 2417 626 2491 perductus
640 2418 726 2488 foret,

16 2516 144 2574 Librum
159 2514 288 2572 exaribit
303 2514 421 2572 tertium
435 2515 546 2588 Aesbpi
560 2515 637 2586 stili),

17 2615 143 2671 Honftri
157 2621 187 2670 et
201 2612 313 2670 meritis
327 2610 472 2669 dedicius
487 2610 568 2668 illum
583 2618 649 2669 tuis.

15 2712 122 2785 Quem
137 2713 161 2765 si
174 2709 262 2783 legis,
279 2706 430 2779 laetabor,
452 2713 496 2765 sin
511 2718 610 2766 autem
625 2709 730 2780 minuS,

17 2804 188 2866 Habebunt
202 2809 292 2876 certe,
307 2809 367 2879 qud
382 2809 413 2862 se
427 2805 579 2863 oblectent
594 2811 713 2879 posteri.

60 2903 161 2974 Nunc,
177 2903 345 2961 fabularum
360 2905 414 2959 cair
427 2901 464 2959 sit
477 2901 629 2960 inventum
643 2920 744 2978 genus,

16 3003 109 3060 Brevi
123 2998 248 3058 docebd.
291 2999 418 3057 Servitiis
432 2999 570 3071 obnoxia,

17 3097 102 3172 Quia
115 3113 192 3169 quae
206 3096 324 3154 volebat
337 3100 399 3153 nim
413 3095 542 3153 audebat
556 3095 665 3166 dicere,

49 3337 71 3380 8.
81 3334 184 3392 feriae:
198 3331 336 3389 ‘holidays.'
579 3347 612 3390 19.
628 3333 733 3379 artium:
749 3332 802 3376 ‘the
813 3333 913 3378 Muses!

51 3422 87 3455 ιο.
102 3408 201 3452 neniis:
215 3409 293 3450 ‘mere
305 3405 391 3462 songs!
578 3421 613 3454 21.
628 3408 757 3454 §riser-im:
774 3406 928 3453 'abolished'

51 3496 87 3540 14.
102 3482 193 3527 vicem:
209 3480 288 3538 ‘parts
300 3480 384 3537 ‘dutyl
578 3491 613 3534 29·
628 3477 748 3522 exarcibd:
762 3477 896 3535 ‘produce’
906 3476 997 3523 ‘write'
