2484 4000
432 317 535 381 Liber
554 319 614 381 IV.

22 503 149 561 Divenit
163 503 260 561 hircus
275 503 375 562 sitiens
389 504 420 560 in
435 503 563 562 eundem
578 504 697 576 locum;
798 529 805 540 ·

20 599 111 657 Simul
127 601 248 676 rogavit,
265 611 342 658 esset
357 619 394 657 an
409 599 503 658 dulcis
518 600 613 674 liquor

21 698 57 753 Et
72 697 236 771 copiosus?
277 698 330 754 Illa
345 696 479 754 fraudem
494 697 636 754 moliens:

20 794 209 866 ‘Descende
224 800 341 866 amice,
363 803 445 851 tanta
459 794 575 852 bonitas
590 803 634 851 est
647 811 752 868 aquae,

19 891 164 965 Voluptis
178 902 211 949 ut
225 892 321 949 satiari
335 895 395 948 non
409 891 502 965 possit
517 892 601 948 mea'

20 988 148 1047 Immisit
162 993 194 1046 se
209 988 355 1047 barbitus.
396 990 474 1045 Tum
489 988 644 1062 volpecula

20 1070 122 1142 livisit
135 1091 237 1160 puteo,
251 1091 320 1142 nixa
334 1086 418 1143 celsis
432 1085 579 1157 cornibus,

21 1182 207 1256 Hircumque
222 1183 321 1240 clauso
336 1182 419 1256 liquit
434 1182 607 1240 haerentem
621 1181 708 1240 vado.

278 1407 323 1460 X.
357 1406 411 1459 D&
435 1406 534 1459 Villio
552 1406 761 1462 Hominum.

58 1526 150 1583 Peras
164 1524 305 1599 imposuit
320 1525 454 1598 Iuppiter
468 1525 553 1583 nobis
568 1523 659 1582 duris:

21 1621 149 1695 Propriis
164 1622 307 1695 repletam
320 1621 396 1678 vitiis
410 1631 478 1695 post
492 1631 607 1695 tergum
621 1619 714 1692 dedit,

20 1717 131 1775 Alienis
146 1728 214 1775 ante
228 1727 332 1792 pectus
346 1716 500 1791 suspendit
515 1735 643 1792 gravem.

60 1815 130 1872 Hac
144 1813 289 1872 revidere
302 1824 404 1896 nostra
418 1814 496 1870 mala
509 1819 569 1871 non
583 1831 757 1888 possumus·

21 1911 77 1968 Alii
92 1911 179 1968 simul
193 1909 375 1986 delinquunt,
391 1915 528 1969 censores
544 1929 652 1968 sumus.

308 2137 374 2190 XI.
409 2136 487 2188 Γᾶν
504 2138 536 2187 ct
553 2136 729 2189 Lucerna.

62 2271 227 2328 Lucernam
241 2271 292 2327 hir
306 2269 444 2327 accendit
457 2288 494 2327 ex
508 2275 557 2328 iri
572 2269 650 2328 Iovis

22 2366 183 2441 Ipsumque
198 2365 367 2441 eompssavit
381 2367 420 2424 ad
433 2367 533 2425 himen
548 2385 642 2425 suum.

21 2463 81 2535 Qui
94 2463 248 2539 sacrilegio
262 2472 382 2522 onustus
397 2482 465 2521 cum
480 2463 659 2535 discederet,

21 2560 158 2635 Repente
172 2565 278 2618 vocem
292 2566 394 2618 sancta
408 2561 486 2618 misit
500 2560 634 2636 Religio:

21 2658 186 2715 ‘Malorum
200 2663 333 2732 quamvis
347 2658 403 2715 ista
416 2658 523 2714 fuerint
537 2662 660 2716 munera

22 2753 156 2828 Mihique
170 2753 271 2826 invisa,
286 2759 392 2812 utnon
406 2753 539 2812 offendar
554 2754 673 2829 subripi,

21 2850 143 2922 Tamen,
158 2851 293 2921 sceleste,
307 2850 408 2925 spiritti
423 2850 541 2924 culpam
555 2850 626 2922 lues,

23 2931 100 3004 Olim
115 2965 184 3004 cum
198 2946 361 3021 adscriptus
375 2947 487 3004 venerit
501 2964 616 3021 poenae
631 2946 702 3005 dies.

22 3042 77 3101 Sed
92 3048 131 3102 ne
145 3044 220 3118 ignis
234 3053 334 3102 noster
348 3044 471 3101 facinori
484 3043 661 3118 praeluceat,

23 3140 77 3197 Per
90 3159 181 3215 quem
195 3140 341 3198 verendos
356 3139 464 3198 excolit
477 3139 571 3214 pietas
585 3139 670 3212 deos,

21 3236 96 3296 Veto
112 3255 176 3296 esse
191 3238 248 3295 tile
262 3237 379 3294 himinis
393 3238 623 3295 commercium'

22 3333 66 3391 lta
80 3333 170 3392 hodie
185 3351 241 3391 nec
255 3334 404 3390 lucernam
419 3333 458 3390 de
473 3333 591 3392 flammai
604 3334 694 3392 defim

49 3505 77 3560 X,
89 3517 108 3551 1.
119 3505 208 3563 piris:
224 3503 310 3560 ‘baga’
571 3505 615 3558 xl,
631 3517 651 3550 a.
666 3505 819 3562 compiltivit:
833 3505 955 3552 'robbed’
