<?xml version="1.0" encoding="UTF-8"?>
<!DOCTYPE html PUBLIC "-//W3C//DTD XHTML 1.0 Transitional//EN"
    "http://www.w3.org/TR/xhtml1/DTD/xhtml1-transitional.dtd">
<html xmlns="http://www.w3.org/1999/xhtml" xml:lang="en" lang="en">
 <head>
  <title>
</title>
<meta http-equiv="Content-Type" content="text/html;charset=utf-8" />
  <meta name='ocr-system' content='tesseract 3.04.00' />
  <meta name='ocr-capabilities' content='ocr_page ocr_carea ocr_par ocr_line ocrx_word'/>
</head>
<body>
  <div class='ocr_page' id='page_1' title='image "./selectedfablesp01drakgoog_0084.png"; bbox 0 0 2484 4000; ppageno 0'>
   <div class='ocr_carea' id='block_1_1' title="bbox 178 253 867 320">
    <p class='ocr_par' dir='ltr' id='par_1_1' title="bbox 178 253 867 320">
     <span class='ocr_line' id='line_1_1' title="bbox 178 253 867 320; baseline -0.007 0"><span class='ocrx_word' id='word_1_1' title='bbox 178 257 221 320; x_wconf 86' lang='lat'>62</span> <span class='ocrx_word' id='word_1_2' title='bbox 496 255 648 318; x_wconf 75' lang='lat' dir='ltr'><em>Phaedri</em></span> <span class='ocrx_word' id='word_1_3' title='bbox 669 253 867 316; x_wconf 75' lang='lat' dir='ltr'>Fabuldmm</span> 
     </span>
    </p>
   </div>
   <div class='ocr_carea' id='block_1_2' title="bbox 196 568 1176 636">
    <p class='ocr_par' dir='ltr' id='par_1_2' title="bbox 196 568 1176 636">
     <span class='ocr_line' id='line_1_2' title="bbox 196 568 1176 636; baseline -0.002 -14"><span class='ocrx_word' id='word_1_4' title='bbox 196 569 241 624; x_wconf 87' lang='lat' dir='ltr'>X.</span> <span class='ocrx_word' id='word_1_5' title='bbox 263 569 388 634; x_wconf 75' lang='grc' dir='ltr'>(ΧΠ.)</span> <span class='ocrx_word' id='word_1_6' title='bbox 425 569 507 622; x_wconf 81' lang='lat' dir='ltr'>Duo</span> <span class='ocrx_word' id='word_1_7' title='bbox 525 569 673 623; x_wconf 65' lang='lat' dir='ltr'>lavares</span> <span class='ocrx_word' id='word_1_8' title='bbox 691 568 820 636; x_wconf 76' lang='lat' dir='ltr'>Spinei</span> <span class='ocrx_word' id='word_1_9' title='bbox 839 568 944 622; x_wconf 80' lang='lat' dir='ltr'>Dives</span> <span class='ocrx_word' id='word_1_10' title='bbox 961 570 994 620; x_wconf 80' lang='lat' dir='ltr'>et</span> <span class='ocrx_word' id='word_1_11' title='bbox 1011 568 1176 633; x_wconf 73' lang='lat' dir='ltr'>Pauper.</span> 
     </span>
    </p>
   </div>
   <div class='ocr_carea' id='block_1_3' title="bbox 319 682 1043 750">
    <p class='ocr_par' dir='ltr' id='par_1_3' title="bbox 319 682 1043 750">
     <span class='ocr_line' id='line_1_3' title="bbox 319 682 1043 750; baseline -0.001 -17"><span class='ocrx_word' id='word_1_12' title='bbox 319 683 453 734; x_wconf 68' lang='lat' dir='ltr'>Fartunam</span> <span class='ocrx_word' id='word_1_13' title='bbox 467 685 592 734; x_wconf 86' lang='lat' dir='ltr'>interdum</span> <span class='ocrx_word' id='word_1_14' title='bbox 604 691 703 750; x_wconf 83' lang='lat' dir='ltr'>praeter</span> <span class='ocrx_word' id='word_1_15' title='bbox 715 701 786 750; x_wconf 84' lang='lat' dir='ltr'>spem</span> <span class='ocrx_word' id='word_1_16' title='bbox 797 685 940 734; x_wconf 86' lang='lat' dir='ltr'>bominibus</span> <span class='ocrx_word' id='word_1_17' title='bbox 952 682 1043 733; x_wconf 75' lang='lat' dir='ltr'>favere.</span> 
     </span>
    </p>
   </div>
   <div class='ocr_carea' id='block_1_4' title="bbox 177 803 944 3506">
    <p class='ocr_par' dir='ltr' id='par_1_4' title="bbox 177 803 944 3506">
     <span class='ocr_line' id='line_1_4' title="bbox 219 803 897 893; baseline -0.001 -15"><span class='ocrx_word' id='word_1_18' title='bbox 219 803 317 878; x_wconf 74' lang='lat' dir='ltr'>Unam</span> <span class='ocrx_word' id='word_1_19' title='bbox 333 819 513 893; x_wconf 68' lang='lat' dir='ltr'>expetibant</span> <span class='ocrx_word' id='word_1_20' title='bbox 526 819 669 893; x_wconf 84' lang='lat' dir='ltr'>virginem</span> <span class='ocrx_word' id='word_1_21' title='bbox 684 819 804 876; x_wconf 75' lang='lat' dir='ltr'>iuvenies</span> <span class='ocrx_word' id='word_1_22' title='bbox 818 817 897 891; x_wconf 85' lang='lat' dir='ltr'>du0;</span> 
     </span>
     <span class='ocr_line' id='line_1_5' title="bbox 178 915 858 990; baseline 0.003 -20"><span class='ocrx_word' id='word_1_23' title='bbox 178 915 256 972; x_wconf 84' lang='lat' dir='ltr'>Vicit</span> <span class='ocrx_word' id='word_1_24' title='bbox 269 915 400 989; x_wconf 75' lang='lat' dir='ltr'>locuples</span> <span class='ocrx_word' id='word_1_25' title='bbox 414 932 507 990; x_wconf 88' lang='lat' dir='ltr'>genus</span> <span class='ocrx_word' id='word_1_26' title='bbox 521 925 552 972; x_wconf 90' lang='lat' dir='ltr'>et</span> <span class='ocrx_word' id='word_1_27' title='bbox 567 915 697 972; x_wconf 68' lang='lat' dir='ltr'>sirmam</span> <span class='ocrx_word' id='word_1_28' title='bbox 711 915 858 990; x_wconf 87' lang='lat' dir='ltr'>pauperis.</span> 
     </span>
     <span class='ocr_line' id='line_1_6' title="bbox 179 1009 736 1087; baseline -0.004 -17"><span class='ocrx_word' id='word_1_29' title='bbox 179 1011 220 1070; x_wconf 95' lang='lat' dir='ltr'>Ut</span> <span class='ocrx_word' id='word_1_30' title='bbox 234 1012 402 1087; x_wconf 77' lang='lat' dir='ltr'>nuptiarum</span> <span class='ocrx_word' id='word_1_31' title='bbox 417 1010 514 1070; x_wconf 90' lang='lat' dir='ltr'>dictus</span> <span class='ocrx_word' id='word_1_32' title='bbox 529 1009 648 1069; x_wconf 74' lang='lat' dir='ltr'>advenit</span> <span class='ocrx_word' id='word_1_33' title='bbox 663 1010 736 1083; x_wconf 70' lang='lat' dir='ltr'>diis,</span> 
     </span>
     <span class='ocr_line' id='line_1_7' title="bbox 178 1106 863 1184; baseline 0.003 -20"><span class='ocrx_word' id='word_1_34' title='bbox 178 1109 288 1166; x_wconf 79' lang='lat' dir='ltr'>Amans</span> <span class='ocrx_word' id='word_1_35' title='bbox 303 1106 436 1166; x_wconf 76' lang='lat' dir='ltr'>dolbrem</span> <span class='ocrx_word' id='word_1_36' title='bbox 451 1109 520 1182; x_wconf 89' lang='lat' dir='ltr'>quia</span> <span class='ocrx_word' id='word_1_37' title='bbox 535 1113 595 1166; x_wconf 76' lang='lat' dir='ltr'>nim</span> <span class='ocrx_word' id='word_1_38' title='bbox 610 1118 725 1182; x_wconf 90' lang='lat' dir='ltr'>poterat</span> <span class='ocrx_word' id='word_1_39' title='bbox 739 1115 863 1184; x_wconf 87' lang='lat' dir='ltr'>perpeti,</span> 
     </span>
     <span class='ocr_line' id='line_1_8' title="bbox 179 1205 897 1279; baseline 0.004 -18"><span class='ocrx_word' id='word_1_40' title='bbox 179 1206 316 1262; x_wconf 75' lang='lat' dir='ltr'>Maerens</span> <span class='ocrx_word' id='word_1_41' title='bbox 332 1209 512 1279; x_wconf 71' lang='lat' dir='ltr'>propinquis</span> <span class='ocrx_word' id='word_1_42' title='bbox 527 1205 651 1262; x_wconf 89' lang='lat' dir='ltr'>contulit</span> <span class='ocrx_word' id='word_1_43' title='bbox 665 1209 696 1262; x_wconf 74' lang='lat' dir='ltr'>se</span> <span class='ocrx_word' id='word_1_44' title='bbox 711 1205 740 1262; x_wconf 90' lang='lat' dir='ltr'>in</span> <span class='ocrx_word' id='word_1_45' title='bbox 756 1205 897 1277; x_wconf 66' lang='lat' dir='ltr'>hortulis,</span> 
     </span>
     <span class='ocr_line' id='line_1_9' title="bbox 180 1300 786 1376; baseline 0 -18"><span class='ocrx_word' id='word_1_46' title='bbox 180 1301 262 1374; x_wconf 73' lang='lat' dir='ltr'>Quis</span> <span class='ocrx_word' id='word_1_47' title='bbox 276 1301 351 1358; x_wconf 69' lang='lat' dir='ltr'>filtra</span> <span class='ocrx_word' id='word_1_48' title='bbox 365 1302 453 1375; x_wconf 76' lang='lat' dir='ltr'>pauli)</span> <span class='ocrx_word' id='word_1_49' title='bbox 468 1300 534 1359; x_wconf 87' lang='lat' dir='ltr'>villa</span> <span class='ocrx_word' id='word_1_50' title='bbox 548 1300 616 1359; x_wconf 90' lang='lat' dir='ltr'>ditis</span> <span class='ocrx_word' id='word_1_51' title='bbox 631 1300 786 1376; x_wconf 87' lang='lat' dir='ltr'>splendida</span> 
     </span>
     <span class='ocr_line' id='line_1_10' title="bbox 180 1397 818 1473; baseline 0.003 -19"><span class='ocrx_word' id='word_1_52' title='bbox 180 1399 250 1455; x_wconf 88' lang='lat' dir='ltr'>Erat</span> <span class='ocrx_word' id='word_1_53' title='bbox 264 1402 424 1473; x_wconf 76' lang='lat' dir='ltr'>acceptura</span> <span class='ocrx_word' id='word_1_54' title='bbox 438 1397 580 1473; x_wconf 86' lang='lat' dir='ltr'>virginem</span> <span class='ocrx_word' id='word_1_55' title='bbox 596 1402 613 1455; x_wconf 77' lang='grc' dir='ltr'><strong>ἓ</strong></span> <span class='ocrx_word' id='word_1_56' title='bbox 628 1398 728 1456; x_wconf 81' lang='lat' dir='ltr'>matris</span> <span class='ocrx_word' id='word_1_57' title='bbox 743 1398 818 1469; x_wconf 78' lang='lat' dir='ltr'>sinti,</span> 
     </span>
     <span class='ocr_line' id='line_1_11' title="bbox 179 1493 937 1569; baseline 0.001 -18"><span class='ocrx_word' id='word_1_58' title='bbox 179 1496 285 1551; x_wconf 90' lang='lat' dir='ltr'>Parum</span> <span class='ocrx_word' id='word_1_59' title='bbox 299 1495 398 1569; x_wconf 87' lang='lat' dir='ltr'>ampla</span> <span class='ocrx_word' id='word_1_60' title='bbox 412 1495 442 1551; x_wconf 92' lang='lat' dir='ltr'>in</span> <span class='ocrx_word' id='word_1_61' title='bbox 456 1495 528 1553; x_wconf 90' lang='lat' dir='ltr'>urbe</span> <span class='ocrx_word' id='word_1_62' title='bbox 543 1501 604 1554; x_wconf 88' lang='lat' dir='ltr'>visa</span> <span class='ocrx_word' id='word_1_63' title='bbox 616 1494 699 1569; x_wconf 90' lang='lat' dir='ltr'>quod</span> <span class='ocrx_word' id='word_1_64' title='bbox 714 1495 808 1553; x_wconf 83' lang='lat' dir='ltr'>luerat</span> <span class='ocrx_word' id='word_1_65' title='bbox 822 1493 937 1553; x_wconf 90' lang='lat' dir='ltr'>domus.</span> 
     </span>
     <span class='ocr_line' id='line_1_12' title="bbox 180 1591 897 1666; baseline 0.003 -18"><span class='ocrx_word' id='word_1_66' title='bbox 180 1593 293 1665; x_wconf 88' lang='lat' dir='ltr'>Pompa</span> <span class='ocrx_word' id='word_1_67' title='bbox 307 1591 476 1665; x_wconf 78' lang='lat' dir='ltr'>explicatur,</span> <span class='ocrx_word' id='word_1_68' title='bbox 492 1591 577 1650; x_wconf 85' lang='lat' dir='ltr'>turba</span> <span class='ocrx_word' id='word_1_69' title='bbox 590 1591 738 1649; x_wconf 84' lang='lat' dir='ltr'>concurrit</span> <span class='ocrx_word' id='word_1_70' title='bbox 752 1592 897 1666; x_wconf 72' lang='lat' dir='ltr'>frequens,</span> 
     </span>
     <span class='ocr_line' id='line_1_13' title="bbox 181 1688 881 1762; baseline 0.003 -18"><span class='ocrx_word' id='word_1_71' title='bbox 181 1690 218 1745; x_wconf 87' lang='lat' dir='ltr'>Et</span> <span class='ocrx_word' id='word_1_72' title='bbox 232 1688 416 1762; x_wconf 79' lang='lat' dir='ltr'>coniugilem</span> <span class='ocrx_word' id='word_1_73' title='bbox 432 1689 554 1762; x_wconf 87' lang='lat' dir='ltr'>praebet</span> <span class='ocrx_word' id='word_1_74' title='bbox 570 1690 762 1762; x_wconf 87' lang='lat' dir='ltr'>Hymenaeus</span> <span class='ocrx_word' id='word_1_75' title='bbox 776 1689 881 1747; x_wconf 86' lang='lat' dir='ltr'>facem.</span> 
     </span>
     <span class='ocr_line' id='line_1_14' title="bbox 179 1785 745 1860; baseline 0.002 -18"><span class='ocrx_word' id='word_1_76' title='bbox 179 1785 293 1842; x_wconf 88' lang='lat' dir='ltr'>Asellus</span> <span class='ocrx_word' id='word_1_77' title='bbox 307 1795 416 1855; x_wconf 86' lang='lat' dir='ltr'>autern,</span> <span class='ocrx_word' id='word_1_78' title='bbox 432 1791 482 1858; x_wconf 90' lang='lat' dir='ltr'>qui</span> <span class='ocrx_word' id='word_1_79' title='bbox 496 1785 609 1844; x_wconf 67' lang='lat' dir='ltr'>solibat</span> <span class='ocrx_word' id='word_1_80' title='bbox 623 1792 745 1860; x_wconf 87' lang='lat' dir='ltr'>pauperi</span> 
     </span>
     <span class='ocr_line' id='line_1_15' title="bbox 180 1881 879 1956; baseline 0.003 -17"><span class='ocrx_word' id='word_1_81' title='bbox 180 1882 343 1955; x_wconf 85' lang='lat' dir='ltr'><strong>Quaestum</strong></span> <span class='ocrx_word' id='word_1_82' title='bbox 358 1881 481 1952; x_wconf 76' lang='lat' dir='ltr'>deserte,</span> <span class='ocrx_word' id='word_1_83' title='bbox 497 1881 592 1941; x_wconf 75' lang='lat' dir='ltr'>stabat</span> <span class='ocrx_word' id='word_1_84' title='bbox 607 1893 711 1956; x_wconf 87' lang='lat' dir='ltr'>portae</span> <span class='ocrx_word' id='word_1_85' title='bbox 726 1883 755 1941; x_wconf 92' lang='lat' dir='ltr'>in</span> <span class='ocrx_word' id='word_1_86' title='bbox 771 1883 879 1941; x_wconf 88' lang='lat' dir='ltr'>limine.</span> 
     </span>
     <span class='ocr_line' id='line_1_16' title="bbox 180 1978 758 2053; baseline 0.003 -18"><span class='ocrx_word' id='word_1_87' title='bbox 180 1979 266 2036; x_wconf 93' lang='lat' dir='ltr'>Illum</span> <span class='ocrx_word' id='word_1_88' title='bbox 282 1979 395 2053; x_wconf 90' lang='lat' dir='ltr'>puellae</span> <span class='ocrx_word' id='word_1_89' title='bbox 410 1983 479 2036; x_wconf 75' lang='lat' dir='ltr'>cisi</span> <span class='ocrx_word' id='word_1_90' title='bbox 494 1978 665 2037; x_wconf 79' lang='lat' dir='ltr'>conducunt</span> <span class='ocrx_word' id='word_1_91' title='bbox 679 1997 758 2051; x_wconf 86' lang='lat' dir='ltr'>suae,</span> 
     </span>
     <span class='ocr_line' id='line_1_17' title="bbox 178 2075 814 2151; baseline 0.003 -19"><span class='ocrx_word' id='word_1_92' title='bbox 178 2076 251 2132; x_wconf 87' lang='lat' dir='ltr'>Viae</span> <span class='ocrx_word' id='word_1_93' title='bbox 266 2076 379 2133; x_wconf 74' lang='lat' dir='ltr'>labrires</span> <span class='ocrx_word' id='word_1_94' title='bbox 395 2081 512 2134; x_wconf 69' lang='lat' dir='ltr'>teneris</span> <span class='ocrx_word' id='word_1_95' title='bbox 527 2081 564 2134; x_wconf 76' lang='lat' dir='ltr'>ne</span> <span class='ocrx_word' id='word_1_96' title='bbox 579 2076 698 2135; x_wconf 85' lang='lat' dir='ltr'>laedant</span> <span class='ocrx_word' id='word_1_97' title='bbox 712 2075 814 2151; x_wconf 73' lang='lat' dir='ltr'>pedis.</span> 
     </span>
     <span class='ocr_line' id='line_1_18' title="bbox 179 2173 816 2246; baseline 0 -16"><span class='ocrx_word' id='word_1_98' title='bbox 179 2173 315 2246; x_wconf 90' lang='lat' dir='ltr'>Repente</span> <span class='ocrx_word' id='word_1_99' title='bbox 330 2173 454 2244; x_wconf 85' lang='lat' dir='ltr'>caelum,</span> <span class='ocrx_word' id='word_1_100' title='bbox 468 2173 591 2231; x_wconf 89' lang='lat' dir='ltr'>Veneris</span> <span class='ocrx_word' id='word_1_101' title='bbox 606 2173 816 2245; x_wconf 74' lang='lat' dir='ltr'>misericordia,</span> 
     </span>
     <span class='ocr_line' id='line_1_19' title="bbox 178 2269 795 2344; baseline 0.003 -19"><span class='ocrx_word' id='word_1_102' title='bbox 178 2270 281 2326; x_wconf 91' lang='lat' dir='ltr'>Ventis</span> <span class='ocrx_word' id='word_1_103' title='bbox 296 2274 438 2340; x_wconf 68' lang='lat' dir='ltr'>movitur,</span> <span class='ocrx_word' id='word_1_104' title='bbox 453 2270 567 2327; x_wconf 90' lang='lat' dir='ltr'>intonat</span> <span class='ocrx_word' id='word_1_105' title='bbox 582 2269 684 2327; x_wconf 92' lang='lat' dir='ltr'>mundi</span> <span class='ocrx_word' id='word_1_106' title='bbox 699 2270 795 2344; x_wconf 82' lang='lat' dir='ltr'>fragor</span> 
     </span>
     <span class='ocr_line' id='line_1_20' title="bbox 180 2365 883 2441; baseline 0.004 -20"><span class='ocrx_word' id='word_1_107' title='bbox 180 2366 369 2439; x_wconf 89' lang='lat' dir='ltr'>Noctemque</span> <span class='ocrx_word' id='word_1_108' title='bbox 384 2365 483 2424; x_wconf 76' lang='lat' dir='ltr'>densis</span> <span class='ocrx_word' id='word_1_109' title='bbox 498 2365 646 2424; x_wconf 86' lang='lat' dir='ltr'>horridam</span> <span class='ocrx_word' id='word_1_110' title='bbox 661 2367 767 2425; x_wconf 83' lang='lat' dir='ltr'>nimbis</span> <span class='ocrx_word' id='word_1_111' title='bbox 781 2375 883 2441; x_wconf 90' lang='lat' dir='ltr'>parat;</span> 
     </span>
     <span class='ocr_line' id='line_1_21' title="bbox 179 2462 834 2538; baseline 0.003 -19"><span class='ocrx_word' id='word_1_112' title='bbox 179 2463 244 2519; x_wconf 79' lang='lat' dir='ltr'>Lirx</span> <span class='ocrx_word' id='word_1_113' title='bbox 257 2463 368 2536; x_wconf 87' lang='lat' dir='ltr'>rapitur</span> <span class='ocrx_word' id='word_1_114' title='bbox 382 2464 472 2521; x_wconf 89' lang='lat' dir='ltr'>oeulis</span> <span class='ocrx_word' id='word_1_115' title='bbox 487 2473 517 2520; x_wconf 92' lang='lat' dir='ltr'>et</span> <span class='ocrx_word' id='word_1_116' title='bbox 531 2463 616 2520; x_wconf 92' lang='lat' dir='ltr'>simul</span> <span class='ocrx_word' id='word_1_117' title='bbox 630 2470 672 2521; x_wconf 89' lang='lat' dir='ltr'>vis</span> <span class='ocrx_word' id='word_1_118' title='bbox 685 2462 834 2538; x_wconf 84' lang='lat' dir='ltr'>grandinis</span> 
     </span>
     <span class='ocr_line' id='line_1_22' title="bbox 179 2558 837 2634; baseline 0.002 -18"><span class='ocrx_word' id='word_1_119' title='bbox 179 2559 284 2617; x_wconf 77' lang='lat' dir='ltr'>Effusa</span> <span class='ocrx_word' id='word_1_120' title='bbox 298 2558 429 2634; x_wconf 72' lang='lat' dir='ltr'>trepidis</span> <span class='ocrx_word' id='word_1_121' title='bbox 444 2560 552 2634; x_wconf 88' lang='lat' dir='ltr'>passim</span> <span class='ocrx_word' id='word_1_122' title='bbox 568 2560 691 2618; x_wconf 74' lang='lat' dir='ltr'>comites</span> <span class='ocrx_word' id='word_1_123' title='bbox 706 2558 837 2634; x_wconf 88' lang='lat' dir='ltr'>dissipat,</span> 
     </span>
     <span class='ocr_line' id='line_1_23' title="bbox 178 2655 924 2731; baseline -0.004 -16"><span class='ocrx_word' id='word_1_124' title='bbox 178 2655 239 2715; x_wconf 90' lang='lat' dir='ltr'>Sibi</span> <span class='ocrx_word' id='word_1_125' title='bbox 253 2673 402 2730; x_wconf 90' lang='lat' dir='ltr'>quemque</span> <span class='ocrx_word' id='word_1_126' title='bbox 417 2660 526 2731; x_wconf 74' lang='lat' dir='ltr'>crigens</span> <span class='ocrx_word' id='word_1_127' title='bbox 541 2666 641 2731; x_wconf 88' lang='lat' dir='ltr'>petere</span> <span class='ocrx_word' id='word_1_128' title='bbox 655 2656 835 2731; x_wconf 89' lang='lat' dir='ltr'>praesidium</span> <span class='ocrx_word' id='word_1_129' title='bbox 849 2655 924 2729; x_wconf 80' lang='lat' dir='ltr'>fugai.</span> 
     </span>
     <span class='ocr_line' id='line_1_24' title="bbox 177 2753 807 2827; baseline -0.002 -16"><span class='ocrx_word' id='word_1_130' title='bbox 177 2753 291 2812; x_wconf 89' lang='lat' dir='ltr'>Asellus</span> <span class='ocrx_word' id='word_1_131' title='bbox 305 2758 407 2812; x_wconf 76' lang='lat' dir='ltr'>ndtum</span> <span class='ocrx_word' id='word_1_132' title='bbox 424 2753 590 2827; x_wconf 85' lang='lat' dir='ltr'>proximum</span> <span class='ocrx_word' id='word_1_133' title='bbox 604 2757 714 2810; x_wconf 78' lang='lat' dir='ltr'>tectum</span> <span class='ocrx_word' id='word_1_134' title='bbox 730 2753 807 2811; x_wconf 94' lang='lat' dir='ltr'>subit</span> 
     </span>
     <span class='ocr_line' id='line_1_25' title="bbox 178 2848 769 2925; baseline -0.003 -16"><span class='ocrx_word' id='word_1_135' title='bbox 178 2853 218 2909; x_wconf 92' lang='lat' dir='ltr'>Et</span> <span class='ocrx_word' id='word_1_136' title='bbox 231 2855 306 2908; x_wconf 75' lang='lat' dir='ltr'>vt&#39;tce</span> <span class='ocrx_word' id='word_1_137' title='bbox 321 2855 428 2925; x_wconf 68' lang='lat' dir='ltr'>migni</span> <span class='ocrx_word' id='word_1_138' title='bbox 441 2855 507 2907; x_wconf 72' lang='lat' dir='ltr'>sese</span> <span class='ocrx_word' id='word_1_139' title='bbox 521 2850 633 2907; x_wconf 73' lang='lat' dir='ltr'>venisse</span> <span class='ocrx_word' id='word_1_140' title='bbox 649 2848 769 2908; x_wconf 90' lang='lat' dir='ltr'>indicat.</span> 
     </span>
     <span class='ocr_line' id='line_1_26' title="bbox 178 2945 944 3022; baseline -0.005 -16"><span class='ocrx_word' id='word_1_141' title='bbox 178 2949 354 3006; x_wconf 73' lang='lat' dir='ltr'>Prdcurrunt</span> <span class='ocrx_word' id='word_1_142' title='bbox 368 2953 460 3022; x_wconf 86' lang='lat' dir='ltr'>pueri,</span> <span class='ocrx_word' id='word_1_143' title='bbox 475 2947 628 3022; x_wconf 86' lang='lat' dir='ltr'>pulchram</span> <span class='ocrx_word' id='word_1_144' title='bbox 643 2947 789 3021; x_wconf 88' lang='lat' dir='ltr'>aspiciunt</span> <span class='ocrx_word' id='word_1_145' title='bbox 802 2945 944 3022; x_wconf 87' lang='lat' dir='ltr'>virginem</span> 
     </span>
     <span class='ocr_line' id='line_1_27' title="bbox 178 3042 858 3116; baseline -0.003 -14"><span class='ocrx_word' id='word_1_146' title='bbox 178 3045 218 3103; x_wconf 90' lang='lat' dir='ltr'>Et</span> <span class='ocrx_word' id='word_1_147' title='bbox 232 3045 430 3116; x_wconf 55' lang='lat' dir='ltr'>admirantum</span> <span class='ocrx_word' id='word_1_148' title='bbox 452 3043 562 3101; x_wconf 89' lang='lat' dir='ltr'>deinde</span> <span class='ocrx_word' id='word_1_149' title='bbox 577 3042 699 3101; x_wconf 76' lang='lat' dir='ltr'>domini&gt;</span> <span class='ocrx_word' id='word_1_150' title='bbox 713 3043 858 3101; x_wconf 78' lang='lat' dir='ltr'>nuntiant.</span> 
     </span>
     <span class='ocr_line' id='line_1_28' title="bbox 178 3140 743 3215; baseline -0.002 -16"><span class='ocrx_word' id='word_1_151' title='bbox 178 3143 259 3200; x_wconf 87' lang='lat' dir='ltr'>Inter</span> <span class='ocrx_word' id='word_1_152' title='bbox 274 3141 390 3200; x_wconf 69' lang='lat' dir='ltr'>sodalis</span> <span class='ocrx_word' id='word_1_153' title='bbox 406 3141 453 3199; x_wconf 93' lang='lat' dir='ltr'>ille</span> <span class='ocrx_word' id='word_1_154' title='bbox 469 3144 580 3215; x_wconf 70' lang='lat' dir='ltr'>paucis</span> <span class='ocrx_word' id='word_1_155' title='bbox 596 3140 743 3198; x_wconf 72' lang='lat' dir='ltr'>accubans</span> 
     </span>
     <span class='ocr_line' id='line_1_29' title="bbox 177 3237 735 3311; baseline -0.005 -15"><span class='ocrx_word' id='word_1_156' title='bbox 177 3240 318 3297; x_wconf 82' lang='lat' dir='ltr'>Am6rem</span> <span class='ocrx_word' id='word_1_157' title='bbox 333 3238 442 3296; x_wconf 67' lang='lat' dir='ltr'>cribris</span> <span class='ocrx_word' id='word_1_158' title='bbox 456 3237 599 3295; x_wconf 78' lang='lat' dir='ltr'>avocabat</span> <span class='ocrx_word' id='word_1_159' title='bbox 614 3237 735 3311; x_wconf 71' lang='lat' dir='ltr'>piculis.</span> 
     </span>
     <span class='ocr_line' id='line_1_30' title="bbox 177 3334 775 3409; baseline -0.002 -16"><span class='ocrx_word' id='word_1_160' title='bbox 177 3337 238 3394; x_wconf 93' lang='lat' dir='ltr'>Ubi</span> <span class='ocrx_word' id='word_1_161' title='bbox 252 3336 417 3393; x_wconf 74' lang='lat' dir='ltr'>nuntiatum</span> <span class='ocrx_word' id='word_1_162' title='bbox 433 3344 486 3406; x_wconf 93' lang='lat' dir='ltr'>est,</span> <span class='ocrx_word' id='word_1_163' title='bbox 501 3340 648 3392; x_wconf 75' lang='lat' dir='ltr'>recreitus</span> <span class='ocrx_word' id='word_1_164' title='bbox 662 3334 775 3409; x_wconf 87' lang='lat' dir='ltr'>gaudiis</span> 
     </span>
     <span class='ocr_line' id='line_1_31' title="bbox 178 3429 893 3506; baseline -0.001 -17"><span class='ocrx_word' id='word_1_165' title='bbox 178 3434 326 3491; x_wconf 87' lang='lat' dir='ltr'>Hortante</span> <span class='ocrx_word' id='word_1_166' title='bbox 342 3431 461 3490; x_wconf 79' lang='lat' dir='ltr'>Bacchi&gt;</span> <span class='ocrx_word' id='word_1_167' title='bbox 476 3441 506 3489; x_wconf 91' lang='lat' dir='ltr'>et</span> <span class='ocrx_word' id='word_1_168' title='bbox 519 3431 646 3503; x_wconf 90' lang='lat' dir='ltr'>Venere,</span> <span class='ocrx_word' id='word_1_169' title='bbox 662 3430 763 3488; x_wconf 71' lang='lat' dir='ltr'>dulcis</span> <span class='ocrx_word' id='word_1_170' title='bbox 777 3429 893 3506; x_wconf 89' lang='lat' dir='ltr'>perficit</span> 
     </span>
    </p>
   </div>
   <div class='ocr_carea' id='block_1_5' title="bbox 0 0 1246 4000">
    <p class='ocr_par' dir='ltr' id='par_1_5' title="bbox 0 0 1246 4000">
     <span class='ocr_line' id='line_1_32' title="bbox 0 0 1246 4000; baseline 0 0"><span class='ocrx_word' id='word_1_171' title='bbox 0 0 1246 4000; x_wconf 95' lang='lat' dir='ltr'> </span> 
     </span>
    </p>
   </div>
  </div>
 </body>
</html>
