2484 4000
463 299 644 381 Appendix.

41 490 137 546 Huic
154 491 225 561 agra
240 485 322 544 iaci!
350 487 402 543 -At
416 487 558 543 n'rsticus:
582 487 648 544 ‘Na
663 487 812 560 timueris3

40 586 125 642 lata
145 584 282 641 secatus!
327 584 450 656 Iamque
465 587 586 640 vanator
601 588 744 657 sequans:

40 681 204 755 ‘Quaesa,
220 679 356 752 bubulce,
371 678 515 753 numquid
531 680 589 736 hac
604 681 683 738 vaenit
697 681 817 755 lepus?'

39 777 174 848 ‘Vanit,
189 776 242 834 sed
256 777 328 835 abiit
342 776 398 834 hac
413 775 451 833 ad
466 776 579 833 laevam
590 778 616 848 5’
632 787 662 833 et
676 776 829 835 dexteram

40 878 249 934 Damanstrat
264 877 337 931 nata
351 882 475 948 partem.
516 872 647 930 Venator
660 873 735 932 citus

40 973 123 1029 Nan
141 970 286 1028 intellaxit
300 974 391 1044 saque
407 974 423 1027 ἓ
438 974 601 1043 canspectr‘r
616 970 742 1029 abstulit.
1031 998 1058 1030 ιο

39 1070 69 1125 T
70 1086 139 1125 unc
155 1074 196 1124 sic
211 1066 373 1126 bubulcus:
396 1064 532 1140 ‘Ecquid
548 1076 592 1124 est
605 1073 720 1141 gratum
734 1068 796 1138 tibi,

40 1163 147 1238 Quod
161 1168 192 1221 ta
205 1164 336 1221 calavii'
379 1163 528 1237 ‘Linguae
543 1168 660 1238 pransus
674 1169 735 1221 nan
747 1168 825 1239 nega

41 1261 178 1320 Habare
193 1270 283 1334 atque
296 1277 383 1335 agere
398 1259 541 1317 maximas
557 1264 605 1317 ma
619 1260 745 1334 gratias;

39 1359 165 1415 Verum
180 1358 271 1415 oculis
286 1367 318 1414 ut
333 1357 455 1431 privaris
470 1361 543 1431 opta
556 1355 695 1431 perfidis!

234 1556 315 1610 XX.
337 1555 499 1622 (XXIX.)
536 1555 677 1621 Papum
694 1558 727 1608 et
751 1555 873 1622 Vespa.

125 1666 186 1716 Νόῐι
197 1667 356 1730 praeteritam
368 1667 412 1714 sed
424 1673 581 1730 praesentem
594 1666 764 1730 aspiciendam
776 1683 830 1715 esse
843 1666 977 1718 sdrtimam.

89 1783 207 1858 Papilia
221 1801 342 1857 vespam
357 1783 596 1856 praetervolitans
611 1782 732 1841 viderat.

43 1866 95 1938 ‘O
112 1889 224 1937 sortem
239 1879 388 1952 iniquam!
411 1876 484 1936 dum
498 1880 633 1937 vivebant
648 1898 782 1955 corpora,

43 1975 188 2049 Quarum
204 1993 241 2033 ex
255 1974 382 2050 reliquiis
397 1974 525 2032 animam
539 1980 594 2033 nas
609 1977 787 2052 accapimus,

44 2072 118 2148 Ego
133 2072 275 2146 aloquans
289 2071 320 2128 in
334 2076 418 2146 pace,
434 2070 516 2129 sortis
530 2073 657 2146 proeliis,

43 2171 123 2227 Arte
138 2175 219 2227 omni
233 2175 371 2244 princeps
384 2169 460 2225 inter
474 2168 612 2242 aequales
628 2169 678 2228 fut.

44 2252 97 2325 En
114 2269 241 2324 cancta!
263 2266 365 2324 levitas
380 2265 472 2340 putris
487 2275 517 2323 et
531 2266 622 2323 volita
637 2267 730 2325 cinis!

42 2365 95 2422 Ta
111 2369 164 2438 qui
178 2363 257 2420 fuisti
271 2364 366 2422 malus
381 2362 556 2433 clitellarius,

46 2459 280 2534 Quemcumque
294 2466 388 2518 visum
404 2469 448 2518 est
461 2459 555 2518 laedis
568 2459 664 2517 infixa
679 2459 802 2517 acule6.’

45 2558 88 2614 At
103 2573 195 2630 vespa
209 2555 327 2631 dignam
342 2557 472 2615 maribus
486 2562 593 2615 vacem
608 2556 720 2614 edidit:

45 2653 141 2712 ‘Nan
155 2659 206 2728 qui
219 2653 368 2724 fuerimus,
384 2653 438 2712 sed
452 2659 503 2729 qui
516 2671 595 2711 nunc
609 2659 708 2725 simus,
722 2652 809 2711 vida!

190 2855 289 2910 XXI.
309 2855 452 2921 (XXX.)
494 2855 708 2908 Terraneala
725 2859 758 2908 et
782 2854 915 2921 romae.

305 2963 390 3013 Pravis
402 2964 454 3013 nan
466 2979 520 3013 esse
533 2965 607 3014 fidem
619 2964 797 3013 adhibendam.

89 3081 170 3152 Avis,
184 3098 273 3155 quam
287 3081 390 3140 dicunt
405 3081 601 3140 terranealam
615 3082 723 3153 rastici,

48 3177 86 3234 In
100 3183 179 3236 terra
193 3177 295 3235 nidum
309 3179 379 3252 quia
393 3178 548 3252 companit
563 3178 683 3250 scilicet,

78 3349 130 3403 XX¹
138 3362 158 3395 1.
170 3350 280 3406 papilia:
294 3350 441 3408 ‘butten-fly‚'
605 3352 626 3396 8.
641 3351 738 3398 aculea:
753 3351 842 3408 'sting.'

76 3437 98 3478 7.
132 3422 213 3467 milas
245 3422 403 3468 cfmlldriam:
440 3423 525 3481 ‘padr-
604 3424 1052 3483 XX1.Terraneala.·¹groundsval-

50 3496 127 3541 mule:
576 3497 635 3543 low.'
