2484 4000
442 276 543 338 Liber
561 277 623 340 IV.

18 447 100 519 Usus
114 467 231 520 vetusti)
245 480 362 536 genere,
377 463 430 521 sed
445 464 532 522 rebus
547 470 630 523 novis
640 486 699 537 3-

18 558 168 631 Quartum
183 558 324 630 libellum,
340 577 408 616 curn
423 561 543 632 vacarit,
559 562 702 636 perleges.

19 656 115 711 Hunc
130 655 296 713 obtrectare
312 662 335 712 si
349 656 427 714 volet
442 657 613 731 malignitas,

19 751 136 810 Imitari
150 752 222 810 dum
237 757 298 809 nr’m
312 753 413 826 possit,
429 754 575 811 obtrectet
589 754 665 812 lieet.

20 847 98 904 Mihi
113 857 197 922 parta
211 848 272 906 laus
288 858 340 921 est,
356 849 437 923 quod
452 855 493 922 tsi,
509 850 590 924 quod
605 851 714 910 similes
728 859 770 910 tui

19 945 141 1002 Vestras
155 945 187 1002 in
200 945 315 1003 chartas
329 946 420 1005 verba
434 948 594 1006 transfertis
609 967 676 1006 mea

21 1041 213 1117 Dignumque
228 1041 315 1117 longa
328 1041 464 1100 iudicatis
479 1045 629 1102 memoria.

21 1138 220 1196 Inlitteratum
233 1139 368 1214 plausum
382 1145 434 1197 cur
448 1123 607 1199 desidere?

334 1332 365 1386 Ι.
400 1331 533 1386 Asinus
551 1336 583 1385 et
603 1333 710 1389 Gala.

62 1448 124 1522 Qui
137 1453 223 1506 natus
237 1457 282 1506 est
295 1448 411 1521 infelix,
425 1455 486 1507 ndn
499 1457 587 1508 vttam
603 1450 695 1510 modo

21 1545 149 1603 Tristem
165 1545 305 1617 decurrit,
318 1549 420 1603 verum
435 1556 503 1622 post
517 1548 630 1606 obitum
644 1566 763 1623 quoque

24 1641 211 1716 Persequitur
224 1641 393 1702 illum-diua
406 1643 459 1701 fati
472 1644 598 1702 miseria.

61 1739 141 1798 Galli
154 1739 292 1814 Cybebes
306 1741 418 1799 circum
432 1741 463 1798 in
476 1747 615 1815 quaestus
630 1742 739 1801 ducere

24 1836 145 1893 Asinum
159 1836 295 1895 solebant
308 1837 487 1896 baiulantem
502 1839 638 1896 sarcines.

24 1932 52 1988 Is
66 1951 136 1992 eum
150 1933 251 1992 labr'rre
266 1944 296 1992 et
311 1935 403 2010 plagis
418 1945 495 1993 esset
504 1929 650 2007 mortuus,

1 2029 2 2035 ’
25 2029 165 2088 Βὲῐῐειετᾶ
177 2030 256 2106 pelle
270 2031 326 2090 sibi
340 2033 477 2090 fecerunt
492 2043 640 2107 tympana.

24 2125 130 2202 Rogati
144 2145 214 2185 mox
229 2133 246 2186 a
260 2128 401 2203 quddam,
416 2129 524 2187 delicis>
539 2135 592 2186 sud

26 2222 172 2297 Quidnam
187 2224 340 2298 fecissent,
355 2227 414 2284 hec
428 2226 520 2284 locuti
534 2236 601 2284 sunt
616 2225 725 2285 moddz

25 2321 165 2380 ‘Putabat
179 2327 210 2380 se
226 2332 293 2396 post
307 2333 432 2381 mortem
448 2327 583 2380 s'e'cr'rrum
598 2323 660 2380 fore
672 2343 680 2395 ;

25 2417 103 2476 Ecce
118 2419 192 2476 aliae
206 2419 310 2496 plagae
324 2428 522 2496 congeruntur
536 2422 671 2478 mortue!

419 2620 469 2673 ΙΙ.
505 2620 624 2674 Poeta.

63 2737 195 2796 loculire
211 2737 263 2796 tibi
277 2737 402 2809 videtur,
418 2747 447 2795 et
461 2742 530 2795 sane
545 2739 610 2810 levi,

26 2831 102 2891 Dum
115 2834 187 2892 nihil
201 2834 344 2893 habemus
358 2835 460 2907 maius,
475 2834 590 2893 calami>
605 2836 741 2895 ludimus.

26 2926 80 2986 Sed
94 2930 251 3006 diligenter
264 2931 377 2990 intuere
392 2932 444 2989 has
457 2932 558 2990 nenias
569 2953 577 3005 ;

27 3023 170 3098 Quantam
185 3028 240 3086 sub
254 3027 308 3086 illis
321 3028 477 3086 utilitatem
491 3030 639 3104 reperies!

27 3119 92 3181 Ndn
106 3143 224 3200 semper
238 3143 275 3183 ea
288 3135 364 3196 sunt,
379 3125 624 3200 quaevidentu13
646 3127 759 3203 decipit

28 3216 114 3280 Frdns
128 3229 222 3297 prima
236 3221 343 3280 multds
355 3243 363 3294 3
385 3229 449 3280 rita
465 3227 548 3280 mens
562 3223 713 3299 intellegit,

53 3397 71 3444 l.
89 3399 170 3445 Gelu:
185 3400 283 3458 'priests
293 3399 321 3444 of
327 3399 430 3457 Cybele.'
574 3402 595 3447 8.
609 3401 710 3446 dilicit:
725 3402 845 3458 ‘derling'

52 3482 71 3526 s.
85 3473 226 3518 dilatantem
235 3487 244 3517 .·
259 3473 396 3531 ‘carrying’
574 3475 607 3529 ΙΙ,
617 3488 638 3520 a.
655 3475 763 3519 calamii:
777 3474 850 3533 ‘pen’
