2484 4000
241 287 276 330 12
504 223 508 232 Ι
560 272 711 335 Phaedri
732 273 929 336 Fabuldmm

235 456 365 515 Obiectr')
380 463 530 533 temptans
544 476 582 515 an
596 458 667 518 cibe>
681 470 782 533 posset
795 468 879 535 capi:

235 554 357 625 ‘Heus'
373 554 477 628 inquit,
493 555 638 630 ‘linguam
652 563 694 614 vis
710 574 806 614 meam
822 557 1022 632 praecludere,

236 650 283 707 Ne
297 649 399 708 latrem
415 657 470 726 prb
484 655 516 709 re
530 650 664 710 domim?
705 654 832 711 Multum
848 654 962 714 falleris.

236 747 372 822 Namque
388 749 443 806 Ista
458 749 554 807 subita
569 754 616 806 me
631 750 713 808 iubet
726 750 890 826 benignitas

234 845 370 920 VIgilare,
387 845 475 904 facias
490 851 527 904 ne
542 852 610 904 mea
623 847 710 923 culpa
723 848 858 905 lucmm.’

365 1090 485 1144 XXII.
507 1091 667 1156 (XXIV.)
704 1091 813 1146 Rana
829 1093 951 1158 Rupta
968 1096 1001 1146 et
1019 1094 1100 1148 Βὸο.

275 1242 375 1316 Ιηορε,
391 1252 543 1317 potentem
559 1243 630 1301 dum
645 1244 705 1302 vult
719 1244 835 1315 imitari,
851 1245 935 1320 perit.

235 1339 269 1394 In
285 1343 369 1413 pratri
383 1340 535 1413 quondam
550 1346 620 1397 rana
634 1341 789 1415 cbnspexit
803 1340 911 1399 bovem

235 1435 273 1493 Et
288 1441 366 1493 tacta
380 1436 489 1494 invidia
504 1447 602 1495 tantae
618 1436 826 1511 magnitudinis

234 1533 384 1608 Riigbsam
398 1533 508 1591 inflavit
522 1534 629 1608 pellem
640 1555 649 1605 ;
671 1545 732 1590 tum
748 1539 833 1592 nattis
847 1539 914 1592 subs

234 1631 435 1704 Interrogavit,
450 1649 488 1687 an
502 1631 577 1689 bove
592 1639 669 1688 esset
683 1630 776 1688 latior.

234 1727 280 1784 Illi
293 1733 444 1802 negarunt.
487 1729 597 1786 Rursus
612 1727 738 1785 intendit
751 1738 851 1786 cutem

233 1825 347 1883 Maibre
362 1830 426 1883 nisu
441 1835 470 1883 et
484 1825 570 1883 simili
584 1827 726 1899 quaesivit
742 1826 842 1896 mods),

234 1922 307 1996 Quis
322 1923 415 1980 maior
430 1931 514 1980 esset.
557 1923 603 1980 Illi
617 1923 752 1980 dixemnt
766 1923 881 1981 bovem.

234 2019 400 2077 Novissime
416 2019 565 2094 indignata
579 2020 650 2077 dum
665 2020 724 2077 vult
738 2018 861 2077 validius

232 2103 339 2174 Inflare
354 2121 428 2188 sese,
443 2121 529 2190 rupti)
543 2117 632 2174 iacuit
646 2134 780 2191 corpore.

379 2356 516 2409 XXIII.
538 2356 678 2421 (XXV.)
717 2355 830 2409 Canae
848 2359 880 2408 et
892 2355 1082 2414 ,Cornum

272 2508 404 2567 Cfmsilia
417 2513 468 2582 qui
482 2507 554 2564 dant
568 2514 656 2582 prava
670 2514 761 2565 cautis
776 2507 954 2580 hominibus,

233 2606 271 2662 Et
286 2605 413 2680 perdunt
428 2623 550 2679 operam
564 2615 595 2663 et
609 2604 778 2663 deridentur
793 2605 924 2679 turpiter.

272 2702 369 2761 Canes
384 2707 535 2760 currentes
549 2702 650 2761 bibere
666 2703 695 2759 in
711 2703 780 2760 ΝῑΙό
795 2702 925 2773 flumine,

230 2787 257 2858 {t
271 2798 427 2858 corcodiIis
441 2805 479 2856 ne
493 2799 650 2874 rapiantur,
667 2799 806 2857 traditum
821 2808 874 2856 est.

232 2898 324 2972 Igitur
338 2915 406 2954 eum
421 2902 540 2954 currens
554 2897 655 2955 bibere
671 2897 817 2970 coepisset
831 2896 921 2966 canis,

231 2996 277 3053 Sic
292 2994 475 3052 corcodilus:
500 2993 688 3067 ‘Quamlibet
701 2993 798 3050 lambe
814 2994 875 3051 6ti6
886 3014 894 3065 3

232 3092 301 3149 Nbli
315 3092 424 3171 vereri)
467 3093 506 3148 At
520 3091 585 3147 ille:
609 3092 769 3148 ‘Facerem
785 3090 977 3162 mehercules,

232 3189 295 3246 Nisi
310 3207 374 3246 esse
389 3194 496 3246 scirem
510 3187 606 3245 carnis
621 3192 650 3245 te
665 3188 806 3263 cupidum
821 3189 925 3245 meae)

460 3401 527 3454 XXI,
538 3401 559 3445 6.
577 3399 662 3444 latrem
671 3417 680 3444 :
695 3401 784 3446 ‘barlr.'

460 3475 555 3532 XXIII.
574 3474 691 3519 Corcoabli
698 3490 707 3518 .·
721 3488 736 3519 a
746 3487 798 3519 rare
808 3475 869 3519 Iorm
880 3475 907 3520 of
919 3476 1037 3521 crocodili.
