2578 3998
442 305 546 367 Liber
564 305 591 366 J.

32 492 162 549 Contexit
177 492 257 549 illum
272 492 377 550 frutice
393 501 422 549 et
436 490 591 560 admonuit
605 491 700 563 simul,

32 589 66 646 Ut
78 593 190 646 insueta
203 594 278 647 voce
293 593 416 647 terreret
430 589 516 660 feras,

34 686 179 760 Fugientes
193 687 257 760 ipse
272 687 431 760 exciperet.
474 687 533 743 Hic
548 687 686 744 auritulus

34 783 189 841 Clamorem
204 783 301 843 subito
317 789 385 842 totis
400 783 474 841 tollit
488 782 596 842 viribus

34 880 166 955 Novoque
181 881 279 939 turbat
293 882 401 939 bestias
416 881 566 939 miraculo.

34 977 104 1049 Quae
119 977 191 1035 dum
207 982 348 1052 paventes
363 977 458 1035 exitus
472 982 559 1036 notos
574 987 688 1052 petunt,

35 1075 127 1132 Leonis
142 1075 320 1150 adfliguntur
334 1075 483 1132 horrendo
498 1075 619 1150 impetu.

36 1171 81 1243 Qui
94 1182 251 1246 postquam
267 1172 360 1230 caede
376 1172 467 1230 fessus
482 1181 536 1243 est,
551 1172 665 1229 asinum
680 1176 786 1230 evocat

37 1267 167 1344 Iubetque
181 1275 288 1327 vocem
304 1287 449 1344 premere.
489 1270 574 1327 Tunc
589 1269 637 1326 ille
651 1270 797 1328 insoleus:

36 1366 140 1439 ‘Qualis
154 1367 272 1426 videtur
286 1384 377 1441 opera
390 1367 444 1424 tibi
457 1367 538 1424 vocis
553 1369 674 1424 meae?’

22 1449 183 1539 '‘Insignisss
198 1464 303 1539 inquit,
320 1468 379 1521 ‘sic
393 1473 435 1534 ut,
450 1464 505 1521 nisi
519 1468 638 1521 nossem
653 1473 735 1521 tuum

22 1547 23 1550 ¹
37 1560 160 1619 Animum
175 1579 337 1637 genusque,
352 1560 439 1619 simili
453 1561 597 1636 fugissem
612 1564 711 1619 metu)

276 1768 360 1822 XII.
399 1767 529 1821 Coruus
547 1769 595 1821 ad
612 1767 770 1822 Fontem.

20 1931 21 1938 κ
68 1887 201 1946 Laudatis
216 1887 341 1958 utiliora,
356 1904 433 1961 quae
447 1887 672 1962 contempseris,

19 1956 20 2030 i
39 1982 116 2058 Saepe
130 1986 254 2042 inveniri
268 1984 342 2042 haec
357 1984 460 2042 asserit
474 1985 610 2042 narratio.

67 2082 108 2139 Ad
123 2083 243 2139 sontem
258 2099 370 2154 cervus,
386 2100 454 2139 cum
469 2080 599 2152 bibisset,
615 2081 721 2139 restitit

19 2245 20 2258 χ
39 2177 68 2235 Et
78 2179 107 2237 iu
119 2179 232 2255 liquore
246 2180 319 2238 vidit
334 2179 461 2254 effigiem
476 2197 568 2237 suam.

19 2259 20 2330 i
39 2275 74 2332 lbi
87 2276 155 2334 dum
169 2281 286 2334 ramosa
300 2283 407 2334 mirans
422 2275 522 2334 laudat
537 2294 647 2334 cornua

39 2372 207 2449 Crurumque
221 2373 343 2431 nimiam
358 2374 533 2432 tenuitatem
547 2373 702 2449 vituperat,

39 2468 190 2528 Vinantum
205 2471 302 2529 subito
317 2471 438 2530 vocibus
453 2471 628 2529 conterritus

40 2566 83 2624 Per
95 2585 231 2643 campum
247 2568 347 2642 sugere
363 2568 462 2643 coepit
478 2578 508 2626 et
521 2573 607 2652 cursu
622 2568 678 2626 levi

41 2663 122 2723 Canes
135 2665 228 2724 elusit.
271 2665 347 2723 Silva
360 2675 423 2722 tum
438 2665 556 2739 excepit
571 2665 674 2736 ferum,

19 2729 23 2776 ι
42 2761 68 2817 ln
80 2768 134 2836 qua
147 2768 267 2820 retentis
282 2762 441 2837 impeditus
456 2762 595 2821 cornibus

19 2857 20 2862 ’
43 2857 159 2918 Lacerari
173 2860 273 2935 coepit
289 2861 432 2918 morsibus
447 2866 539 2917 saevis
554 2878 671 2917 canum.

42 2954 110 3013 Tunc
124 2957 251 3015 moriens
265 2961 371 3014 vocem
386 2957 462 3014 hanc
478 2956 605 3014 edidisse
620 2957 744 3014 dicitur:

44 3038 78 3110 ‘O
91 3058 134 3112 me
147 3054 297 3111 infelicem
312 3057 318 3112 l
340 3060 391 3129 qui
405 3072 483 3111 nunc
498 3053 619 3112 demum
634 3053 782 3128 intellego,

45 3132 118 3207 lltilia
131 3151 201 3208 milri
215 3168 305 3225 quarn
321 3151 435 3222 fuerint,
451 3169 526 3225 quae
541 3152 746 3224 despexeram,

46 3243 83 3316 Et,
95 3265 164 3322 quae
179 3247 339 3320 laudaram,
356 3259 497 3322 quantum
512 3248 607 3306 luctus
622 3247 795 3306 habuerint!

312 3427 355 3480 Xl,
366 3441 388 3482 4.
400 3427 508 3485 frutice:
528 3426 617 3472 'bush.’

315 3513 348 3558 13.
364 3507 450 3557 opera:
467 3500 563 3554 ‘effect'
574 3499 692 3546 ‘service'
