2578 3998
468 314 571 377 Liber
590 316 634 379 ΙΙ.

59 502 112 557 Hic
126 502 177 559 biis
191 501 295 559 latenti
306 523 312 559 :
335 500 504 575 ‘Quidnam
519 502 634 559 voluisti
648 502 711 573 tibi,

57 585 104 654 Ins
106 599 167 668 elix,
182 599 259 656 filtro
272 604 324 672 qui
338 597 376 656 ad
391 617 496 656 necem
508 599 669 656 cucurreris

58 696 273 770 Hominumque
288 699 368 753 tecto
384 696 515 769 spiritum
531 695 749 754 commiserisi’

15 817 17 844 s
56 795 92 849 At
104 793 149 850 ille
162 793 305 867 supplex:
329 796 337 823 ‘
346 793 407 850 Vos
423 791 534 863 modo,'
550 793 654 867 inquit,
670 793 809 867 ‘parcite‚

15 885 17 968 ᾖ
57 889 213 948 Occasione
228 894 325 946 rursus
339 893 494 963 'erumpam
509 888 597 946 data)

15 989 17 1020 ¹
56 986 180 1058 Spatium
194 987 253 1044 diei
268 986 364 1044 noctis
380 986 530 1061 excipiunt
544 987 632 1043 vices.

57 1083 198 1141 Frondem
213 1084 356 1141 bubulcus
371 1082 478 1154 adfert,
493 1083 532 1140 nil
547 1081 617 1141 idei>
631 1082 721 1141 videt.

15 1189 16 1198 ¹
57 1181 128 1238 Eunt
142 1180 268 1239 subinde
283 1191 313 1238 et
327 1179 451 1238 redeunt
466 1185 569 1239 omncs
583 1180 692 1251 rustici,

15 1351 16 1354 Ἴ
56 1278 81 1332 N
84 1282 148 1335 emo
162 1277 388 1348 animadvertit;
411 1278 513 1336 transit
527 1277 616 1334 etiam
630 1276 740 1348 vilicus,

15 1363 17 1442 i
56 1375 116 1431 Nec
129 1375 176 1432 ille
191 1375 351 1449 quicquam
368 1376 465 1432 sentit.
507 1376 583 1431 Tum
599 1373 731 1448 gaudens
745 1374 822 1432 ferus

26 1509 30 1512 -
55 1472 147 1531 Bibus
161 1474 268 1547 quietis
282 1491 369 1547 agere
383 1473 484 1547 coepit
497 1473 613 1547 grssatiis,

56 1570 222 1644 Hospitium
237 1569 362 1627 adverso
376 1569 458 1644 quod
473 1569 670 1643 praestiterint
685 1579 827 1644 tempore.

55 1667 217 1742 Respondit
231 1671 324 1724 unus:
347 1667 481 1725 ‘Salvum
496 1670 525 1723 te
540 1666 675 1740 cupimus
689 1665 830 1739 quidem;

54 1763 107 1821 Sed
120 1765 177 1836 ille,
193 1771 243 1838 qui
258 1764 359 1822 oculos
374 1773 494 1821 centum
509 1763 607 1827 habet.
623 1769 646 1820 si
660 1763 780 1835 venerit,

55 1861 159 1936 Miguo
173 1861 204 1919 in
218 1861 329 1936 periclo
342 1866 402 1918 vita
416 1864 545 1918 vertetur
560 1862 627 1917 tua.’
666 1896 671 1904 ·

55 1958 136 2016 Haec
150 1959 227 2016 inter
241 1959 303 2033 ipse
319 1956 456 2015 dominus
472 1963 489 2015 a
503 1962 578 2015 ceni
593 1957 669 2015 redit

55 2055 98 2126 Et,
112 2056 182 2130 quia
195 2060 351 2130 corruptos
365 2054 478 2112 viderat
492 2060 587 2129 nuper
601 2055 701 2124 boves,

54 2152 174 2211 Accedit
187 2152 226 2211 ad
240 2170 420 2227 praesaepe:
444 2152 523 2210 ‘Cirr
536 2151 648 2208 frondis
662 2168 765 2224 parum
781 2161 834 2220 est,

53 2248 214 2308 Stramenta
228 2249 355 2307 desunt?
394 2249 510 2307 Tollere
525 2247 599 2306 haec
612 2253 720 2304 arinca

55 2345 200 2419 Quantum
217 2357 261 2404 est
276 2346 420 2406 laboris?
463 2347 543 2403 Dum
559 2349 701 2402 scrutatur
715 2345 837 2419 singula,

14 2497 15 2520 χ
54 2443 137 2501 Cervi
150 2461 268 2519 quoque
284 2444 342 2501 alta
356 2443 544 2517 conspicitur
558 2459 687 2512 cornua3

14 2525 16 2618 i
55 2539 148 2613 Quem
163 2546 327 2599 convocati
340 2540 421 2598 iubet
436 2540 532 2597 occidi
547 2538 656 2596 familia

54 2636 253 2712 Praedamque
268 2637 352 2694 tollit.
396 2638 482 2694 Haec
498 2636 640 2711 significat
656 2635 767 2706 sabula,

14 2753 15 2782 i
55 2734 213 2792 Dominum
227 2734 328 2792 videre
343 2733 499 2808 plurimum
514 2734 546 2790 in
560 2733 646 2791 ribus
661 2739 727 2790 suis

477 2958 621 3012 Auctor.

91 3097 200 3171 Aesopi
214 3095 332 3170 ingenio
347 3103 473 3152 statuam
488 3096 613 3168 posu'e're
628 3092 718 3150 Attici

55 3187 230 3267 Servumque
245 3192 437 3250 conlocarunt
451 3196 571 3248 aeterna
584 3189 615 3246 in
628 3189 699 3261 basi,

81 3367 148 3422 VIII,
159 3381 192 3414 11.
205 3354 333 3413 bibulam:
348 3367 523 3425 ‘ploughman’
603 3379 639 3423 23.
654 3366 798 3410 strfimenta:
813 3364 945 3422 'bedding,'

83 3452 113 3498 13.
128 3444 230 3486 vilicus:
244 3442 381 3488 'overseen'
603 3453 638 3497 23.
654 3441 758 3485 arinen:
776 3439 945 3496 ‘spIder-web:

81 3527 114 3561 21.
127 3519 261 3574 carnotis:
278 3515 360 3561 ‘leam'
