2484 4000
217 310 258 377 50
520 296 675 360 Phaedri
696 297 894 360 Fcibuldmm

215 485 375 559 Unguento
389 484 547 556 delibutus,
562 489 668 543 vestitu
683 484 785 555 fluens,

214 581 360 640 Veniebat
374 586 474 656 gressu
488 581 617 640 delicato
632 590 662 640 et
677 581 824 657 languido.

216 679 309 735 Hunc
323 677 373 737 ubi
387 687 526 754 tyrannus
540 677 614 736 vidit
628 683 760 736 extremo
775 679 909 754 agmine:

216 775 378 848 ‘Quisnam
392 774 534 834 cinaedus
548 775 597 833 ille
612 776 641 832 in
656 780 850 851 conspectum
866 793 964 834 meum

215 871 314 931 Audet
328 874 463 931 venirei’
506 873 737 948 Responderunt
751 872 895 948 proximi:

215 970 294 1026 ‘Hic
309 979 354 1028 est
369 969 536 1028 Menander
549 971 693 1044 scriptor)
736 971 868 1030 Mittitus
882 968 998 1028 statim:

216 1067 357 1139 ‘Homo’
372 1067 475 1140 inquit,
490 1067 574 1126 ‘lieri
587 1071 649 1125 non
663 1075 762 1142 potest
776 1067 954 1126 formosior!

497 1283 547 1337 11.
590 1282 747 1336 Viatores
765 1285 796 1336 ot
814 1283 936 1338 Lair&-

256 1419 325 1476 Duo
340 1435 406 1476 cum
423 1417 594 1476 incidissent
609 1418 639 1475 in
652 1418 797 1476 latronem
813 1417 927 1490 militae,

215 1501 299 1575 Unus
313 1515 456 1590 profugit,
471 1515 545 1573 alter
558 1524 657 1573 autem
672 1515 777 1573 restitit

216 1613 255 1670 Et
268 1610 427 1669 vindicdvit
441 1617 505 1670 sese
520 1612 586 1670 sorti
601 1611 732 1670 dextera.

216 1709 344 1766 Latrone
358 1714 459 1767 occiso
474 1708 593 1767 timidus
608 1709 733 1767 accurrit
747 1727 849 1766 comes

215 1805 392 1880 Stringitque
407 1804 547 1880 gladium,
563 1804 632 1864 dein
646 1806 755 1864 reiecta
769 1805 912 1879 paenula:

215 1902 338 1974 ‘Cedo’
354 1903 457 1978 inquit,
472 1903 591 1975 ‘illum;
613 1903 672 1960 iam
686 1903 795 1962 curabo
810 1903 925 1974 sentiat,

216 2000 299 2073 Quos
314 2000 513 2075 attemptarit!
554 2001 649 2071 Tunc,
664 2006 714 2074 qui
728 1999 966 2074 depugnaverat:

215 2098 349 2155 ‘Vellem
364 2097 424 2155 istis
437 2098 534 2156 verbis
549 2097 653 2155 saitem
668 2096 828 2156 adiuvisses
843 2093 954 2168 modo;

216 2194 406 2253 Constantior
420 2194 539 2252 fuissem
553 2199 623 2252 vera
637 2195 814 2252 existimans.

216 2292 304 2349 Nunc
318 2290 416 2349 conde
431 2292 539 2348 serrum
554 2301 585 2348 et
598 2292 728 2367 linguam
743 2292 853 2366 pariter
866 2290 881 2347 f
882 2289 993 2362 utilem,

214 2389 258 2448 Ut
271 2394 364 2464 possis
378 2388 451 2446 alios
464 2393 632 2464 ignorantes
646 2389 754 2446 fallere.

216 2486 290 2560 Eg0,
305 2491 356 2560 qui
371 2503 435 2543 sum
451 2495 599 2560 expertus,
614 2492 729 2560 quantis
744 2485 836 2560 fugias
850 2482 966 2555 viribus,

215 2583 291 2654 Scio,
306 2600 395 2656 quam
409 2581 507 2640 virtuti
522 2587 581 2640 non
596 2582 633 2640 sit
647 2581 830 2640 eredendum
844 2581 931 2639 tuae)

256 2679 303 2736 Illi
317 2679 462 2754 adsignari
477 2678 569 2738 debet
584 2679 658 2737 haec
672 2681 809 2750 narratio,

216 2777 274 2850 Qui
289 2781 320 2835 re
334 2776 465 2835 secunda
478 2777 561 2835 fortis
576 2785 629 2849 est,
645 2775 736 2836 dubia
750 2777 845 2852 sugdx.

493 2993 563 3048 ΠΙ.
601 2992 729 3047 Calvus
747 2996 779 3046 et
797 2991 935 3045 Musca.

255 3129 337 3188 Calvi
351 3127 512 3186 momordit
526 3133 628 3186 musca
641 3127 785 3186 nuditum
799 3134 909 3201 caput3

215 3226 313 3299 Quam
327 3226 495 3300 opprimere
510 3231 633 3300 captins
647 3225 762 3300 alapam
777 3224 832 3282 sibi
846 3221 930 3282 duxit
944 3237 1073 3296 gravem.

214 3323 299 3381 Tunc
313 3323 361 3381 illa
374 3323 523 3380 inridens:
547 3324 711 3380 ‘Punctum
725 3319 851 3379 volucris
865 3318 1002 3393 parvulae

245 3512 279 3559 15.
293 3501 420 3546 cinaedus:
434 3499 542 3558 'dandyl
554 3499 627 3558 ‘lop.'
771 3500 803 3553 11,
819 3510 840 3556 5.
846 3496 968 3555 paruuli:
984 3496 1100 3544 ‘mantio'
