2484 4000
240 289 278 350 18
558 287 711 350 Phaedra·
732 285 931 349 dettldrum

237 473 360 548 Derepit
373 474 413 531 ad
428 473 523 532 cubile
538 478 653 531 setesae
668 473 744 531 suis:

236 571 385 645 ‘Megn6‚’
400 569 503 645 iuquit,
520 571 566 627 ‘in
582 570 693 644 pericle
708 581 776 627 sunt
790 576 850 628 nati
866 577 926 642 tui;

238 668 326 738 Nam,
340 667 425 725 simul
440 667 544 725 exieris
558 673 674 741 pastum
690 685 758 724 cum
773 673 876 725 tenere
890 685 989 746 grege,

237 764 341 838 Aquila
355 775 400 822 est
414 770 514 838 parata
527 782 630 840 rapere
646 765 791 838 porcelles
806 765 878 822 tibi.'

239 863 327 918 Hunc
341 879 460 935 quoque
475 861 580 919 timere
595 872 752 935 postquam
767 862 928 936 complevit
942 861 1051 934 locum,

239 959 358 1029 Dolesa,
372 963 437 1016 tute
450 957 587 1017 condidit
602 963 665 1016 sese
680 963 763 1016 cave.

238 1056 312 1114 Inde
327 1060 448 1130 evagata
462 1061 552 1113 nocui
567 1060 709 1130 suspense
724 1055 811 1132 pede,

237 1153 297 1211 Ubi
312 1157 380 1211 esca
394 1157 425 1210 se
440 1152 563 1226 replevit
578 1163 608 1210 et
622 1154 735 1228 prelem
751 1171 843 1225 suam,

239 1251 379 1307 Paverem
395 1250 532 1308 simulens
547 1251 689 1324 prespicit
705 1255 768 1309 tete
783 1250 842 1308 die.

238 1348 364 1404 Ruinam
380 1352 514 1404 metuens
529 1347 626 1422 aquila
640 1354 726 1405 ramis
741 1347 877 1420 desidet3

237 1446 316 1518 Aper
331 1450 462 1518 rapinam
479 1449 571 1502 vitains
585 1449 646 1501 nen
661 1445 760 1519 predit
775 1445 861 1502 fores.

238 1540 320 1614 Quid
335 1541 445 1598 multa?
487 1541 591 1598 Inedii
606 1551 672 1598 sunt
686 1547 854 1617 censfimpti
868 1560 937 1599 cum
951 1547 1010 1599 suis

239 1638 374 1712 Felisque
390 1639 491 1696 catulis
506 1638 615 1713 largam
630 1639 826 1712 praebuerunt
841 1638 959 1713 dapem.

280 1735 430 1809 Quantum
444 1735 535 1792 homo
550 1735 685 1810 bilinguis
700 1753 788 1809 saepe
802 1736 962 1793 concinnet
977 1734 1054 1806 mali,

239 1833 460 1890 Documentum
474 1831 582 1890 habere
597 1832 684 1894 stulta
699 1832 855 1890 credulitas
870 1841 978 1906 potest.

485 2039 527 2094 V.
565 2038 698 2092 Caesar
715 2040 763 2092 ud
782 2027 990 2092 murtenam.

280 2170 334 2227 Est
347 2168 529 2226 ardelienum
545 2170 693 2243 quaedam
710 2171 823 2227 Remae
838 2170 928 2239 nine,

238 2266 367 2340 Trepide
382 2273 559 2324 concursans
573 2272 719 2340 occupata
733 2270 762 2323 in
777 2268 849 2336 etie,

240 2365 335 2421 Gratis
350 2363 499 2434 anhelans,
515 2363 606 2421 multa
620 2362 738 2438 agendo
753 2363 792 2420 nil
807 2366 906 2438 agens,

239 2460 300 2517 Sibi
315 2460 438 2516 molesta
452 2470 481 2517 et
496 2460 558 2516 aliis
573 2459 766 2518 odiesissima.

239 2558 328 2615 Hanc
343 2555 511 2628 emendare,
527 2562 550 2613 si
564 2566 665 2614 tamen
678 2575 808 2632 possum,
823 2557 891 2614 vole

239 2654 316 2710 Vere
330 2654 442 2711 fabella
451 2675 460 2725 ;
481 2654 608 2729 pretium
624 2664 668 2712 est
683 2672 790 2728 operae
805 2653 968 2712 attendere.

279 2750 389 2809 Caesar
401 2751 536 2810 Tiberius
551 2769 619 2808 cum
633 2756 737 2826 petens
752 2751 910 2826 Neapolim

240 2849 276 2904 Iu
291 2848 490 2906 Misenensem
504 2848 601 2905 villam
615 2853 742 2906 venisset
756 2866 848 2920 suam,

240 2944 324 3018 Quae
340 2949 440 3003 mente
455 2949 571 3002 summe
586 2946 683 3021 posita
698 2945 810 3003 Luculli
825 2949 914 3004 mand

241 3043 413 3116 Prespectat
427 3043 555 3100 Siculum
571 3052 601 3100 et
614 3043 733 3118 respicit
746 3043 877 3100 Tuscum
893 3059 992 3113 mare;

241 3139 286 3196 Ex
300 3138 454 3197 alticinctis
468 3143 543 3197 imus
558 3140 741 3210 atriensibuS,

240 3237 295 3295 Cui
310 3236 409 3294 tunica
422 3236 461 3294 ab
474 3242 580 3294 umeris
595 3237 686 3294 linteo
702 3236 816 3294 Pelusie

270 3428 304 3461 12.
318 3417 420 3462 sito'sae:
436 3414 544 3472 ‘bristly.'
794 3416 823 3459 V.
841 3403 987 3459 ¹l'trr'insem:
1003 3414 1134 3459 ‘steward.'

269 3501 304 3547 25.
319 3490 392 3543 tomo,
407 3495 455 3544 not,
466 3502 493 3533 as
508 3489 630 3546 regularly,
641 3490 714 3534 home.
797 3501 814 3534 1.
831 3489 994 3534 erdelienum:
1008 3488 1204 3545 'busy-bodies:
