2484 4000
259 303 303 350 20
583 287 733 352 Phaedri
753 287 953 351 Fctbulcirnm

260 472 331 530 Altis
345 473 383 530 ab
398 479 480 531 astris
495 473 598 532 diiram
614 474 716 531 Inlidat
731 475 884 546 corticem,

260 564 327 638 Qua
341 566 523 624 comminati
537 566 621 624 facile
635 573 768 624 vescitur
782 567 858 626 cibo.

260 661 387 720 Inducta
401 663 496 722 verbis
511 663 616 738 aquila,
632 665 750 722 monitis
765 667 869 739 paruit,

259 759 350 817 Simul
364 769 394 817 et
409 760 565 835 magistrae
579 761 658 835 large
672 759 769 818 divisit
784 761 902 836 dapem.

258 857 305 913 Sic
320 861 383 914 tflta
396 875 472 932 quae
487 862 607 916 natiuae
622 857 715 916 fuerat
730 864 861 930 minere,

260 953 360 1027 Impar
374 952 487 1012 duabus
502 952 614 1011 oceidit
627 961 700 1012 tristi
713 973 797 1012 nece.

448 1221 456 1228 -
475 1187 556 1242 v11.
593 1187 689 1240 Ma'tlt
707 1187 787 1240 Duo
805 1191 836 1240 et
852 1189 1040 1254 Raptam.

299 1322 373 1380 Mtili
387 1327 497 1397 gravati
511 1323 631 1379 sarcinis
643 1322 726 1380 ibant
740 1322 809 1380 dun.

258 1407 343 1478 Unus
357 1418 469 1476 ferEbat
483 1419 570 1476 fiscos
585 1437 653 1476 cum
668 1420 801 1494 pecnnia,

258 1518 339 1574 Alter
354 1521 499 1573 tumentes
515 1516 606 1573 multo
622 1521 724 1574 saccos
739 1515 862 1575 hordeo.

259 1614 312 1671 Ille
327 1631 416 1670 onere
432 1611 513 1670 dives
528 1613 607 1671 celsa
620 1619 734 1671 cervice
749 1614 860 1671 eminet

258 1710 435 1783 Clarumque
450 1710 528 1767 collo
543 1710 631 1767 iactat
646 1711 882 1782 tintinnabulum,

257 1807 368 1866 Comes
382 1807 484 1880 quieto
499 1808 629 1881 sequitur
646 1818 675 1864 et
690 1807 808 1882 placido
822 1807 924 1882 gradi.

257 1904 359 1962 Subito
375 1904 502 1962 latrones
516 1922 553 1960 ex
567 1903 677 1961 insidiis
692 1905 831 1963 advolant

258 2003 397 2075 Interque
413 2001 538 2058 caedem
553 2001 628 2058 seno
644 2002 753 2058 molum
769 2000 909 2072 sauciant,

258 2098 406 2172 Diripiunt
420 2103 566 2169 nummos,
582 2098 740 2172 neglegunt
755 2098 809 2155 vile
827 2097 980 2156 hordeum.

257 2196 402 2270 Spoliitus
416 2195 502 2270 Igitur
516 2199 600 2252 castis
615 2213 683 2252 cum
698 2195 781 2252 fliret
796 2200 881 2253 suos:

257 2291 446 2367 ‘Equidem’
462 2293 556 2366 Inquit
571 2292 652 2362 alter,
668 2296 734 2350 ‘me
749 2302 953 2367 contemptum
968 2292 1096 2366 gaudeo,
1119 2370 1121 2374 Ι

258 2390 335 2447 Nam
350 2390 390 2446 nil
405 2395 487 2446 a'misi
501 2407 557 2446 nec
571 2407 635 2446 sum
650 2389 745 2447 laesus
759 2389 897 2447 vnlnere!

298 2487 369 2543 Hoc
383 2490 557 2560 argomento
572 2490 634 2543 tota
648 2496 692 2544 est
707 2487 860 2543 hominum
876 2485 1020 2556 tenuitas;

258 2584 384 2657 Magnae
399 2584 510 2657 periclo
525 2592 592 2640 sunt
607 2587 679 2657 opes
696 2583 851 2642 obnoxiae.

518 2814 620 2868 VIII.
658 2813 788 2867 Cervus
806 2815 854 2867 ad
871 2815 993 2866 Boves.

297 2950 408 3009 Cervus
422 2953 584 3006 nemorosis
601 2948 742 3006 excitatus
757 2948 891 3020 latibulis,

255 3047 298 3106 Ut
312 3050 484 3104 venatorum
500 3046 613 3119 fugeret
626 3050 784 3103 instantem
800 3063 915 3116 necem,

256 3144 356 3203 Caeco
371 3144 475 3200 tImore
491 3141 655 3216 proximam
669 3142 765 3199 villam
781 3143 855 3216 petit

256 3241 295 3298 Et
309 3244 478 3314 opportfint')
494 3243 525 3297 se
539 3227 627 3296 bovili
641 3237 783 3296 condidit.

284 3418 467 3475 V11‚2.fiscts:
482 3417 666 3473 'money-bags.'
812 3430 845 3474 14.
861 3417 989 3462 obnoxt'ae:
1007 3415 1128 3472 'subJect'

283 3504 304 3551 ς.
319 3491 517 3537 tintinnabulum:
535 3490 609 3534 ‘beli'
