2484 4000
220 285 259 361 58
532 285 685 348 Phaedri
706 285 905 349 Fcibulcimm

218 471 357 528 Ostendit
372 471 524 530 hominum
540 473 602 530 sine
618 472 682 530 fine
697 491 761 530 esse
777 474 914 531 miseriis.

218 567 307 640 Quod
323 574 401 626 stains
416 569 446 626 in
460 587 547 627 amne
561 570 701 628 Tantalus
716 569 816 628 medio
830 571 899 641 sitit,

217 667 304 722 Avari
318 665 531 739 descnhuntur,
547 671 622 741 quos
637 667 812 725 circumfluit

218 749 295 820 Usus
310 763 464 834 bonorum,
480 762 533 821 sed
547 765 587 820 nil
602 775 725 838 possunt
740 773 868 839 tangere.

218 846 305 918 Urnis
320 860 461 918 scelestae
477 861 626 918 Danaides
641 871 760 936 portant
774 867 874 936 aquis,

219 960 340 1014 Pertusa
353 976 409 1015 nec
424 959 574 1032 complere
590 969 712 1032 possunt
726 958 825 1030 dolia,

219 1056 324 1125 Immo,
340 1056 467 1113 luxuriae
484 1055 624 1130 quicquid
640 1054 767 1127 dederis,
782 1055 916 1130 perfluet.

218 1153 335 1210 Novem
350 1157 501 1226 porrectus
516 1153 618 1228 Tityos
634 1163 678 1211 est
692 1171 745 1228 per
759 1153 868 1228 iugera,

216 1249 305 1306 Tristi
319 1255 452 1307 renitum
468 1254 625 1325 suggerens
640 1268 755 1325 poenae
770 1251 869 1322 iecur,

218 1345 287 1418 Quo
301 1347 366 1420 quis
377 1348 518 1404 miiorem
533 1347 666 1422 possidet
680 1358 776 1405 terrae
790 1347 898 1418 locum,

219 1445 288 1500 Hoc
303 1443 520 1502 demonstretur
534 1449 605 1502 eriri
617 1445 750 1519 graviore
765 1444 862 1502 adfici.

218 1540 360 1598 Consulto
375 1541 495 1598 involvit
509 1541 661 1600 ventitem
676 1542 842 1617 antiquitis,

218 1638 259 1695 Ut
273 1637 389 1712 sapiens
404 1637 595 1713 intellegeret,
611 1644 718 1697 enitet
731 1638 820 1697 rudis.

540 1875 602 1930 lv.
624 1875 714 1940 (VI.)
751 1874 895 1928 Auctor.

257 2004 364 2077 Utilius
377 2019 462 2076 nobis
477 2017 548 2092 quid
563 2017 600 2075 sit
615 2017 673 2089 dic,
689 2017 819 2089 Phoebe,
835 2017 969 2090 obsecro,

218 2115 277 2188 Qui
291 2116 425 2189 Delphos
439 2125 469 2172 et
484 2115 649 2172 formosum
665 2116 824 2172 Pamisum
839 2115 951 2173 incolis.

218 2211 299 2285 Quid
314 2214 378 2270 est?
398 2217 527 2269 sacritae
543 2213 615 2268 vitis
629 2212 802 2269 horrescunt
816 2230 931 2284 comae,

216 2308 363 2383 Tripodes
378 2319 541 2379 moventur,
557 2308 650 2384 mugit
665 2308 760 2382 adytis
775 2309 901 2385 Religio,

216 2407 417 2480 Tremuntque
432 2406 504 2463 lauri
519 2415 548 2462 et
562 2407 626 2479 ipse
640 2406 773 2479 pallescit
787 2406 860 2464 dies.

216 2502 314 2559 voces
328 2502 444 2560 resolvit
459 2503 517 2558 icta
533 2502 627 2575 Pytho
642 2503 782 2560 mimine:

217 2599 334 2656 ‘Audite
348 2603 451 2673 gentes
467 2599 544 2655 Delii
559 2599 687 2656 monitus
702 2598 769 2656 dei:

218 2695 360 2753 Pietatem
374 2695 482 2766 colite;
504 2701 573 2752 vota
588 2702 699 2770 superis
715 2695 850 2768 reddite,

217 2792 353 2864 Patriam,
368 2796 505 2866 parentes
520 2796 611 2863 natos
628 2798 723 2850 castris
738 2793 877 2866 coniuges

217 2889 376 2947 Defendite
390 2895 488 2960 armis,
504 2890 619 2946 hostem
635 2890 711 2947 ferro
726 2884 846 2963 pellite,

216 2990 335 3044 Amicos
350 2986 519 3056 sublevite;
542 2986 653 3042 miseris
669 2987 801 3060 parcite3

217 3084 304 3140 Bonis
319 3082 423 3153 favete,
440 3081 569 3140 subdolis
584 3088 625 3140 ite
640 3083 777 3154 obviam,

216 3179 333 3237 Delicta
345 3179 493 3237 vindicite
504 3200 513 3251 ;
535 3179 673 3237 cohibete
688 3179 814 3253 impi6s3

216 3278 319 3334 Punite
335 3282 412 3351 turpi
426 3276 569 3333 thalamos
584 3281 633 3350 qui
647 3274 757 3332 violant
771 3279 893 3349 stupr63

517 3487 563 3540 ΙΙΙΙ
576 3499 609 3532 11,
620 3488 720 3543 pertusa
730 3502 738 3530 .·
753 3485 917 3544 'perforatum’
