2484 4000
226 295 266 372 38
539 295 691 357 Phaedri
712 295 910 358 Fabulamm

225 481 346 554 Sapanit
361 482 504 539 moechae
517 491 638 554 vestem,
654 481 798 539 mundum
813 483 996 555 muliebrem,

226 578 416 636 Lavatianem
431 587 611 653 argenteam,
626 579 787 651 eunuchas,
803 579 939 654 glabras3

225 676 371 732 Lanificae
387 675 505 750 agellas,
521 693 638 750 pecora,
653 676 760 747 villam,
776 677 937 750 operarias,

224 773 328 843 Bovas,
343 772 474 830 iamenta
489 782 518 829 et
532 777 757 830 instramentum
772 773 931 846 rasticum3

224 870 333 926 Patrici
346 869 465 943 planam
480 875 605 943 antiquis
622 870 800 943 apothecam
814 869 905 943 cadis,

224 967 353 1023 Domum
369 966 491 1040 politam
506 976 536 1023 et
550 965 692 1024 dalicatas
707 967 847 1026 hortulos.

222 1064 269 1121 ᾖε
284 1062 428 1120 dastinata
443 1063 513 1121 dare
528 1081 598 1122 cum
612 1064 700 1121 vellet
714 1064 832 1138 singulis

223 1161 262 1216 Et
276 1159 453 1234 adprobaret
468 1161 603 1235 populus,
620 1167 671 1235 qui
684 1160 746 1218 illas
761 1165 891 1232 noverat,

221 1259 354 1331 Aesopus
369 1256 468 1315 media
482 1258 579 1316 subita
593 1259 625 1314 in
639 1257 725 1316 turba
738 1258 887 1316 canstitit:

221 1339 267 1411 ‘O
282 1359 306 1410 si
319 1359 452 1412 manaret
466 1354 588 1412 condita
603 1359 704 1412 sansus
719 1361 802 1429 patri,

221 1451 318 1523 Quam
333 1451 459 1526 graviter
473 1450 570 1522 ferret,
586 1451 668 1526 quod
682 1451 863 1509 voluntatem
878 1469 960 1508 suam

221 1548 410 1621 Interpretari
424 1553 484 1605 nan
498 1548 663 1623 potuissent
677 1548 768 1606 Attici
780 1550 804 1606 !'

221 1645 352 1719 Rogatus
367 1644 476 1703 deinde
492 1645 577 1702 solvit
592 1649 722 1702 errarem
737 1645 878 1702 omnium.

220 1742 370 1799 ‘Domum
385 1752 415 1799 et
429 1746 603 1799 (ornamenta
617 1760 686 1799 cum
700 1748 828 1799 venustis
843 1741 964 1805 hortulis

220 1838 259 1895 Et
272 1845 340 1895 vina
353 1833 453 1896 vetera
467 1836 536 1896 date
551 1839 684 1896 lanificae
700 1839 824 1896 rusticae
835 1860 844 1911 3

218 1936 348 2005 Vestem,
362 1937 497 2007 animes,
512 1935 692 2010 pedisequas
708 1946 738 1993 et
752 1940 851 1993 catera

219 2032 265 2089 Illi
279 2031 438 2107 adsignate,
453 2039 543 2090 uttam
560 2050 636 2106 quae
650 2033 719 2091 laxa
734 2033 841 2105 trahit3

217 2132 320 2204 Agras‚
334 2131 491 2204 vsslamque
508 2139 537 2187 et
551 2147 661 2204 pecora
675 2148 743 2186 cum
758 2129 924 2204 pastaribus

218 2229 336 2284 Danate
352 2226 505 2284 moechae.
548 2227 636 2284 Nulla
650 2227 760 2300 poterit
773 2233 897 2301 perpeti,

217 2325 259 2382 Ut
274 2324 403 2382 maribus
419 2323 491 2397 quid
505 2333 605 2381 teneat
619 2324 746 2381 alianum
761 2329 829 2382 suis.

218 2421 371 2478 Daiarmis
386 2421 496 2478 cultum
511 2421 631 2492 vendet,
647 2431 679 2478 ut
693 2427 792 2477 vinum
808 2428 910 2494 paret;

217 2521 311 2593 Agras
326 2517 434 2576 abiciet
449 2518 584 2588 moecha,
599 2526 631 2574 ut
645 2522 780 2575 amatum
795 2525 896 2592 gerat;

162 2651 174 2668 .
216 2615 317 2673 Atina
331 2613 462 2689 gaudeus
477 2633 587 2689 pecore
603 2624 632 2671 et
647 2614 730 2671 lanae
746 2613 849 2672 dedita

217 2714 411 2786 Quacumque
428 2717 543 2769 summa
556 2710 653 2769 tradet
667 2711 795 2768 laxuriae
811 2710 943 2768 domum.

216 2812 261 2868 Sic
276 2808 356 2867 noua
370 2809 543 2883 possidabit,
559 2807 640 2882 quod
655 2808 742 2865 fuerit
757 2807 868 2878 datum,

216 2908 255 2965 Et
270 2907 381 2965 dictam
396 2911 482 2963 matri
496 2906 651 2963 canterent
665 2905 823 2980 pecaniam

216 3006 254 3062 Et
269 3003 365 3079 pretia
379 3008 484 3072 rarum,
501 3009 574 3076 quas
588 3001 775 3060 vendiderint
790 3000 939 3075 singulae!

256 3103 302 3159 Ita
316 3099 398 3174 quod
414 3100 572 3157 multarum
587 3099 665 3175 fagit
681 3097 920 3173 impradentiam‚

214 3185 308 3257 Unius
323 3197 450 3256 hominis
464 3197 593 3272 repperit
608 3196 745 3254 sollertia.

243 3357 271 3410 V,
283 3369 318 3401 21.
333 3357 457 3400 moechae:
472 3354 545 3400 'flirt'
771 3363 806 3409 25.
822 3352 973 3409 apothicam:
991 3347 1153 3394 'store-room.'

243 3443 277 3475 21.
293 3430 405 3474 mundum
415 3445 423 3472 .·
439 3429 604 3473 'ornaments'
770 3427 806 3484 36.
824 3426 935 3470 anianes:
953 3423 1060 3481 'pearls'

242 3518 277 3550 aa
289 3503 402 3562 glabras:
419 3506 511 3560 'young
522 3502 611 3547 slaves.¹
